2904 4960
274 471 319 544 36
703 471 741 536 r.
775 469 915 536 mvn
1198 448 1319 548 ,23:333

270 596 389 665 Persei
411 593 476 690 qui
498 590 688 687 sequuturi
711 589 902 659 amicitiam
923 604 1063 676 essent,
1084 589 1191 686 legati
1205 591 1348 660 Ariara-
1377 595 1382 601 “

270 705 361 794 this,
380 725 535 802 puerum
554 699 670 770 filium
688 701 784 797 regis
803 723 925 770 secum
943 698 1180 788 adducentes,
1193 705 1349 772 Romam

270 829 460 887 venerunt.
485 815 652 903 Quorum
675 811 790 881 oratio
811 807 899 898 fuit,
916 835 1036 906 regem
1057 810 1350 906 educandumfi-

271 923 356 996 lium
374 929 529 994 Romam
544 927 698 1006 misisse,
715 922 843 1013 utjam
858 921 943 990 inde
960 946 985 990 α
995 945 1116 1018 puero
1131 937 1353 991 assuesceret

272 1034 433 1106 moribus
453 1037 613 1102 romanis
636 1030 927 1127 hominibusque.
950 1035 1098 1116 Petere,
1117 1047 1160 1100 ut
1173 1056 1256 1101 eum
1274 1055 1350 1100 non

271 1146 339 1217 sub
355 1145 539 1241 hospitum
553 1141 662 1211 modo
668 1146 899 1238 privatorum
913 1141 1096 1227 custodia,
1115 1141 1183 1211 sed
1184 1141 1351 1238 publicae

272 1263 381 1327 etium
399 1277 496 1324 curce
514 1277 558 1322 uc
575 1238 676 1322 uelut
690 1249 811 1322 tutelae
826 1249 964 1322 vellent
977 1276 1063 1321 esse.
1083 1253 1132 1322 Ea
1149 1253 1243 1348 regis
1258 1251 1352 1348 lega-

166 1451 170 1468 ,
272 1369 323 1437 tio
350 1379 449 1462 grata
475 1365 615 1432 senatui
640 1357 720 1431 fuit.
748 1365 1016 1448 Decreverunt,
1036 1375 1079 1430 ut
1104 1365 1170 1431 Cn.
1196 1361 1352 1432 Sicinius

274 1492 408 1576 praetor
432 1472 525 1544 ardes
545 1473 760 1543 instructasl
786 1471 941 1558 locaret,
968 1470 1033 1541 ubi
1055 1470 1152 1542 filius
1175 1471 1268 1568 regis
1290 1495 1352 1541 co·

274 1590 452 1683 mitesque
478 1583 556 1677 ejus
578 1580 739 1652 habitare
763 1594 922 1678 possent.
944 1585 989 1652 Et
1003 1579 1183 1652 Thracum
1205 1581 1353 1678 legatis,

275 1698 372 1798 apud
404 1721 442 1766 se
470 1691 757 1790 disceptantibus
786 1707 823 1762 et
851 1693 1058 1762 societatem
1085 1692 1353 1788 amicitiamque

270 1803 505 1908 petentibus,
522 1819 578 1892 et,
594 1801 694 1900 quod
711 1800 901 1899 petebant,
919 1800 1045 1872 datum
1059 1817 1128 1892 est,
1149 1818 1187 1874 et
1200 1827 1354 1873 munera

275 1917 405 1989 binum
427 1913 582 1985 millium
606 1914 683 1983 ae'ris
711 1937 860 1982 summae
885 1913 924 1982 in
948 1913 1109 2010 singulos
1135 1914 1252 1985 missa.
1276 1921 1355 1984 Hos

278 2031 404 2125 utique
433 2025 611 2123 populos,
639 2021 740 2120 quod
763 2021 809 2092 ab
834 2037 937 2119 tergo
961 2021 1180 2094 Macedoniae
1202 2022 1355 2093 Thracia
1445 2081 1446 2112 ,

278 2154 388 2222 esset,
409 2149 611 2233 assumptos
632 2135 670 2202 in
695 2134 903 2206 societatem
926 2131 1141 2229 gaudebant.
1166 2133 1236 2204 Sed
1254 2135 1354 2203 utin
1445 2209 1446 2224 χ

278 2251 359 2318 Asia
371 2271 520 2344 quoque
532 2243 702 2316 etinsulis
715 2242 899 2340 explorata
910 2244 1033 2313 omnia
1045 2243 1239 2330 essent,Ti.
1249 2243 1357 2324 Cluu-¹
1445 2249 1446 2272 ¹

279 2359 381 2430 dium
417 2361 621 2440 Neronem,
662 2357 709 2424 Μ.
742 2353 944 2437 Decimium
971 2350 1132 2450 legatos⁵
1162 2353 1353 2422 miserunt.

282 2467 387 2539 Adire
405 2491 468 2538 eos
487 2468 630 2536 Cretam
652 2479 688 2556 et
708 2461 879 2535 Rhodum
898 2463 1102 2558 jusserunt,
1122 2462 1229 2532 simul
1245 2487 1354 2532 reno-

279 2603 362 2650 vare
381 2576 592 2661 amicitiam,
609 2573 717 2644 simul
734 2573 932 2671 speculari,
947 2597 1036 2642 num
1052 2571 1230 2643 sollicitati
1244 2573 1357 2642 animi

281 2689 464 2760 sociorum
484 2684 529 2756 ab
546 2711 630 2782 rege
645 2689 777 2756 Perseo
795 2699 923 2755 essent.

330 2803 407 2869 XX.
427 2801 470 2868 In
495 2820 671 2893 suspensa
691 2796 833 2866 civitate
851 2795 897 2864 ad
918 2796 1242 2891 exspectationem¹
1268 2795 1358 2876 novi

282 2909 386 2998 belli,
409 2921 588 2978 nocturna
612 2920 825 3003 tempestate
841 2904 1012 2974 columna
1025 2917 1177 2974 rostrata
1195 2903 1232 2970 in
1248 2904 1357 2998 Capi-

282 3019 393 3091 tolio*
412 3017 510 3088 bello
524 3018 662 3088 Punico
683 3015 862 3103 consulis,
885 3015 944 3085 cui
962 3012 1099 3110 collega
1117 3003 1189 3082 Ser.
1210 3009 1357 3080 Fulvius

284 3267 368 3328 Intpp.
383 3262 449 3310 Suet.
461 3261 548 3311 Claud.
559 3277 575 3324 9
587 3273 651 3310 extr.
663 3289 699 3298 -
708 3263 798 3309 Filium
843 3261 936 3318 missas
950 3259 999 3308 vid.
1010 3255 1064 3322 cap.
1077 3259 1107 3318 6,
1119 3273 1144 3305 ιι.
1158 3259 1183 3306 6.
1192 3259 1251 3306 Vox
1261 3273 1358 3307 summo

283 3343 362 3408 regis,
372 3358 424 3390 uon
435 3342 568 3404 genuinum
578 3342 693 3404 quidem,
708 3341 752 3388 sed
762 3341 799 3388 illi
843 3340 910 3388 abest
921 3339 974 3386 aliis
983 3339 1058 3395 locis,
1071 3337 1161 3400 quibus
1169 3338 1207 3385 vel
1220 3337 1250 3385 de
1260 3337 1308 3386 hae
1319 3356 1357 3398 re,

284 3421 410 3471 subditum
429 3419 460 3467 ab
479 3435 556 3467 uxore
574 3419 799 3484 regisAntiochide
843 3419 882 3467 vel
901 3419 932 3466 de
949 3417 1053 3483 pecnnia
1072 3417 1100 3464 iu
1119 3419 1230 3466 curarim
1243 3433 1257 3464 a
1270 3419 1357 3465 trium·
1444 3427 1445 3450 ³

285 3503 329 3549 diu
351 3498 444 3558 sterili;
467 3499 536 3562 quod
558 3515 617 3546 vero
639 3499 703 3545 infra
722 3498 800 3545 fusius
843 3498 977 3564 phuntibue
991 3497 1074 3555 illata,
1090 3497 1130 3544 vel
1148 3495 1298 3562 depraemiis
1311 3513 1359 3562 pu·
1444 3503 1445 3510 ’

284 3589 407 3629 narratum
427 3578 546 3642 reperies,
561 3577 605 3627 lib.
620 3579 729 3635 XLVII,
746 3593 800 3641 esp.
843 3577 983 3625 blicedntie
999 3578 1095 3640 agitur;
1109 3575 1174 3625 Duls.
1188 3601 1223 3612 -
1237 3577 1359 3625 Caeterum

288 3669 333 3720 143
346 3675 378 3707 ex
390 3657 495 3705 Diodor.
512 3658 556 3706 lib.
575 3659 665 3704 XXXI
685 3657 800 3720 deprom·
843 3657 907 3705 lianc
921 3673 1038 3704 summam
1057 3656 1192 3720 aequiparat
1209 3658 1281 3704 Crev.
1295 3673 1359 3704 mar·
1444 3639 1445 3646 ἵ

285 3751 364 3804 ptum.
374 3739 421 3786 Eu.
572 3769 574 3775 ι
845 3737 879 3784 eis
889 3738 984 3802 argenti
993 3737 1068 3783 Paris.
1082 3737 1110 3796 3,
1124 3751 1180 3783 cnm
1189 3736 1262 3783 uncia
1279 3751 1301 3784 1.
1312 3739 1359 3784 En.

322 3827 347 3874 Ι..
365 3815 441 3864 AEdes
461 3815 606 3870 instructas,
630 3815 798 3874 instruendas,
881 3817 904 3864 5.
915 3821 1020 3882 Legatos
1030 3815 1164 3873 miserenu-
1174 3815 1241 3864 coul'.
1251 3830 1307 3879 cap.
1318 3816 1360 3873 36,

285 3901 418 3947 instructus
429 3893 585 3960 praebendas,
600 3895 707 3954 locaret,
718 3895 800 3942 omui·
845 3908 869 3944 et
881 3897 988 3960 Appiae.
1001 3894 1097 3942 Maced.
1112 3897 1163 3952 IX,
1176 3911 1191 3942 n
1198 3929 1206 3955 ,
1218 3895 1244 3942 3.

286 3994 348 4043 geue
361 3973 538 4040 supellectiles
552 3973 747 4038 redemptoribus
763 3975 801 4022 in·
880 3977 938 4024 Cae.
947 3977 1008 4022 XX.
1021 3989 1042 4022 1.
1052 3975 1173 4039 Suspenso
1183 3975 1221 4023 ad
1231 3985 1362 4039 exspecte-

287 4056 347 4105 strui
363 4063 470 4112 curaret3
481 4051 557 4100 Drak.
576 4054 649 4102 Cous.
665 4053 696 4102 ed
706 4057 739 4116 V,
752 4055 801 4112 23,
846 4054 936 4102 tionem
946 4073 956 4112 ,·
966 4053 1024 4102 vide
1036 4053 1068 4101 ad
1082 4055 1121 4110 II,
1136 4053 1186 4113 54,
1198 4069 1225 4103 ιι.
1239 4069 1281 4102 ιι.
1298 4053 1361 4100 Mox

287 4152 312 4183 ιι.
325 4136 359 4194 6,
370 4145 396 4181 et
403 4133 440 4179 VI
450 4165 458 4192 ,
469 4131 484 4178 5
496 4165 504 4192 ,
517 4149 542 4180 ιι.
558 4133 583 4180 3.
596 4159 633 4169 -
646 4135 751 4180 Mrenera
764 4132 799 4179 bi·
844 4134 1046 4197 Sigoudarmmm
1055 4134 1089 4181 ita
1095 4133 1193 4198 explet:
1204 4132 1229 4180 ie
1238 4131 1360 4197 Capitolio

285 4230 343 4262 ntem
356 4210 459 4260 millium
472 4212 528 4259 oeris
541 4229 642 4261 summas
657 4213 682 4260 in
693 4212 801 4277 singulos
845 4211 907 4261 bello
919 4213 1011 4261 Punico
1021 4211 1104 4276 priore
1110 4211 1193 4278 posita
1204 4227 1221 4260 a
1231 4214 1268 4260 M.
1281 4211 1359 4260 AEmi—
