2904 4960
286 455 331 527 28
701 462 759 526 'T·
787 463 921 530 LlVlI
1199 449 1224 546 il
1239 451 1264 547 i]
1278 463 1327 550 iii.

280 583 541 679 «opprimeret.
568 587 648 652 Haec
674 607 788 679 quum
814 583 916 664 vobis
938 585 1208 680 quiescentibus
1230 603 1267 658 ct
1288 613 1354 685 pa·

282 721 299 754 «
314 691 487 763 tientibus
506 689 648 778 fecerit,
671 707 707 763 et
724 716 932 764 concessam
953 691 1022 762 sibi
1045 697 1219 766 Graeciam
1237 721 1313 768 esse
1333 723 1354 768 a
1449 725 1450 736 ¹

281 832 298 864 <c
313 801 416 872 vobis
437 801 576 890 videat3
596 827 663 899 pro
681 815 779 872 certo
799 801 926 888 habet,
954 803 1136 872 neminem
1161 803 1252 892 sibi,
1270 821 1354 878 ante

280 943 296 976 «
310 937 419 1008 quam
445 914 481 982 in
510 913 646 983 Italiam
677 913 874 1006 trajecerit,
901 928 1075 983 armatum
1105 938 1350 986 occursurum.

280 1027 386 1093 «Hoc
404 1048 512 1120 qnam
529 1023 633 1094 vobis
651 1039 770 1094 tutum
790 1038 851 1093 aut
872 1021 1067 1094 honestum
1086 1025 1148 1113 sit,
1167 1049 1232 1096 vos
1250 1025 1353 1098 vide·
1449 1035 1450 1102 ]

280 1163 296 1196 a
311 1134 434 1202 ritis9:
456 1158 523 1230 ego
542 1149 637 1205 certe
658 1133 746 1204 mihi
764 1148 871 1230 turpe
890 1157 966 1204 esse
987 1133 1093 1222 duxi,
1107 1136 1208 1232 prius
1225 1141 1353 1210 Persea
1449 1199 1450 1224 ,

279 1243 354 1313 «ad
374 1243 508 1314 bellum
527 1242 778 1328 inserendum,
797 1267 907 1339 quam
924 1267 982 1314 me
1004 1245 1141 1314 socium
1160 1243 1204 1315 ad
1222 1245 1352 1342 praedi·

279 1353 482 1436 «cendum,
502 1370 544 1424 ut
559 1357 738 1441 caveritis,
759 1355 881 1424 venire
897 1355 934 1422 in
950 1353 1096 1424 Itaii'am.
1116 1360 1275 1427 Functus
1288 1382 1352 1428 ne·

279 1495 295 1528 a
309 1465 460 1534 cessario
476 1464 563 1536 mihi
578 1464 720 1552 offici0,
734 1480 770 1534 et
783 1463 941 1560 quodam
956 1464 1067 1535 modo
1080 1463 1229 1536 liberata
1241 1481 1352 1563 atque

278 1603 294 1636 α
309 1589 499 1644 exonerata
514 1573 585 1644 fide
602 1599 698 1659 mea,
713 1572 801 1670 quid
816 1572 909 1646 nitra
924 1571 1041 1644 iacere
1056 1597 1223 1671 possum,
1239 1601 1350 1672 quam

278 1715 295 1748 a
310 1685 363 1754 uti
376 1683 463 1754 deos
478 1683 635 1780 deasque
648 1709 793 1782 precer,
807 1699 848 1752 ut
859 1708 924 1753 vos
936 1699 973 1754 et
986 1699 1111 1756 vestrae
1123 1685 1350 1784 reipublicae,

277 1826 293 1858 «
309 1811 344 1865 et
355 1795 460 1866 nobis
475 1796 578 1866 sociis
591 1810 698 1892 atque
714 1796 855 1882 amicis,
871 1797 993 1890 quiex
1010 1793 1113 1866 vobis
1127 1795 1350 1894 pendemus,
1449 1865 1450 1872 ,

278 1939 293 1970 ιι
309 1906 529 1976 consulatis?
542 1937 558 1971 a

324 2020 416 2086 XIV.
434 2021 515 2086 Haec
529 2018 643 2086 oratio
659 2019 770 2088 movit
784 2022 904 2088 Patres
919 2017 1152 2114 conscriptos.
1169 2021 1350 2088 Caeterum

274 2127 311 2193 in
326 2127 514 2222 praesentia
529 2125 637 2214 nihil,
653 2142 895 2224 praeterquam
910 2126 1018 2198 fuisse
1037 2129 1075 2196 in
1092 2129 1192 2198 curia
1204 2153 1349 2224 regem,

275 2235 364 2305 scire
390 2227 583 2334 qnisquam
606 2239 746 2336 potuit:
768 2265 811 2310 eo
831 2239 973 2309 silentio
995 2237 1114 2308 clausa
1137 2239 1236 2310 curia
1259 2255 1347 2310 erat.

275 2345 373 2416 Bello
388 2347 544 2444 denique
557 2347 734 2446 perfecto,
748 2373 901 2446 quaeque
914 2347 1008 2418 dicta
1021 2345 1066 2416 ab
1078 2371 1178 2444 rege,
1193 2371 1349 2444 quaeque

274 2481 449 2554 responsa
467 2475 603 2548 essent,
621 2483 841 2530 emanavere.
862 2458 981 2528 Persei
996 2455 1126 2527 deinde
1141 2459 1236 2554 regis
1249 2455 1349 2554 lega·

274 2567 319 2636 tis
348 2582 432 2665 post
460 2595 594 2666 paucos
621 2569 696 2641 dies
726 2585 869 2640 senatus
895 2569 997 2638 datus
1026 2578 1116 2637 est¹.
1148 2569 1349 2654 Caeterum,

173 2715 174 2722 .
274 2681 532 2776 praeoccupatis
546 2706 620 2756 non
636 2679 784 2752 auribus
798 2680 929 2777 magis,
948 2701 1058 2778 quam
1073 2677 1200 2748 animis
1213 2676 1258 2748 ab
1270 2681 1348 2748 Eu·
1449 2671 1450 2682 ¹

275 2810 379 2858 mene
391 2813 495 2884 rege,
511 2791 629 2859 omnis
645 2805 681 2860 et
696 2787 858 2864 defensio
875 2805 911 2866 et
925 2787 1129 2886 deprecatio
1143 2787 1348 2886 legatorum

272 2897 528 2996 respuebatur3
546 2915 583 2970 et
599 2901 819 3002 exasperavit
834 2900 973 2969 animos
992 2895 1126 2968 ferocia
1138 2898 1247 2967 animi
1261 2903 1349 2968 Har·

304 3116 334 3160 ,9.
345 3103 399 3148 Hoc
412 3120 488 3166 qnam
503 3104 573 3154 vobis
591 3115 669 3152 tutum
686 3116 731 3154 aret
743 3103 785 3153 Ιιο-
828 3103 929 3152 Jacobs.
941 3101 1007 3168 apud
1026 3102 1106 3150 Goell.
1127 3119 1182 3168 pag.
1199 3103 1266 3162 405,
1280 3104 1346 3151 hanc
1449 3097 1450 3126 ³

272 3191 365 3226 nestum
384 3181 429 3238 sit,
451 3199 499 3230 vos
516 3184 642 3240 videritis,
669 3196 697 3232 ut
715 3184 784 3254 ὑμεῖς
828 3183 960 3231 lectionem
969 3197 1001 3232 cx
1015 3179 1109 3228 duabus
1120 3180 1250 3230 conflatam
1265 3183 1347 3247 suspi·
1449 3187 1450 3208 i

273 3257 358 3326 ὄψεσθε
373 3262 429 3311 Act.
445 3265 533 3326 Apost.
548 3264 646 3322 XVIII,
663 3264 694 3310 15'
700 3298 707 3321 ,
721 3275 745 3310 et
755 3264 784 3315 ’τί
829 3274 905 3320 catur,
919 3263 1005 3319 altera,
1020 3262 1176 3324 exasperavit
1194 3261 1347 3328 animasse·
1449 3273 1450 3294 ³

272 3339 331 3408 πρὸς
355 3340 441 3409 ἧμᾶςς
458 3343 487 3394 σὺ
510 3341 561 3410 ὄψει
578 3345 672 3406 Evang.
694 3343 783 3391 Matth.
828 3341 897 3388 racia
906 3339 1346 3404 Harpali,·altera,exasperatiani-
1449 3383 1450 3426 ἢ

273 3421 387 3479 XXVII,
399 3429 428 3479 4,
439 3422 477 3468 vel
487 3423 526 3473 σὺν
539 3415 569 3472 di
586 3413 685 3478 εἰδῆσσιιΙ
697 3421 782 3485 (judi-
829 3418 1081 3484 miserociaHarpaii.
1095 3421 1197 3469 Confert
1203 3421 1269 3468 idem
1277 3419 1346 3469 hunc

272 3514 341 3562 care,
361 3499 522 3564 exquirere),
537 3501 557 3557 ci
580 3501 651 3570 ὀρθῶς
671 3501 735 3569 λέγω
755 3500 782 3546 in
826 3499 890 3547 Livii
907 3499 1004 3557 locum,
1022 3501 1152 3558 XXXIII,
1169 3506 1220 3557 44,
1240 3516 1286 3547 ver
1303 3519 1346 3548 sa·

271 3594 375 3642 prooem.
385 3579 509 3644 Theophr.
520 3582 558 3631 Cf.
568 3582 652 3630 Heins.
663 3579 694 3630 ad
707 3577 780 3626 Ovid.
827 3597 894 3628 crum
908 3596 940 3629 ex
955 3579 1050 3630 decreto
1060 3579 1206 3647 pontificum
1218 3579 1297 3648 jussit
1300 3580 1346 3646 fe

273 3673 305 3704 ex
321 3660 417 3718 Ponto,
432 3662 580 3722 I,2,v.9;
597 3663 681 3708 Burm.
693 3658 725 3706 ad
737 3659 781 3706 Pe·
826 3676 893 3718 cere,
918 3661 986 3726 quod
1008 3660 1102 3724 aliquot
1124 3659 1179 3707 cdd.
1206 3658 1345 3721 exhibent,

271 3747 335 3783 tron.
353 3741 402 3786 Sat.
412 3741 494 3798 v1‚et
503 3738 628 3802 Scideusn.
642 3743 700 3790 Lex.
710 3740 742 3787 N.
752 3739 781 3784 T.
827 3739 885 3787 dum
911 3751 994 3788 nostra
1019 3757 1050 3786 ex
1076 3737 1162 3786 codice
1185 3739 1338 3800 Mogirntino

269 3830 324 3862 voc.
335 3817 452 3886 ἅπτομαι.
825 3820 963 3867 admiserit:
977 3835 1025 3866 νιν
1037 3835 1135 3866 sacrum
1151 3833 1184 3864 ex
1197 3817 1345 3886 pontificum

305 3895 368 3944 Car.
381 3899 452 3946 XIV.
469 3915 490 3948 1.
503 3902 604 3946 Senatus
617 3897 689 3946 datus
701 3910 737 3946 est
748 3899 781 3946 Ie·
819 3899 891 3964 jussn
899 3897 991 3963 fecere.
1010 3899 1080 3946 Hanc
1100 3897 1235 3944 lectionum
1255 3897 1345 3946 diacre·

268 3973 351 4038 φήῃ·
364 3976 419 4024 ride
439 3978 470 4025 ad
479 3980 551 4037 VIH,
569 3978 599 4036 5,
618 3994 643 4024 n.
660 3994 727 4026 1.-
737 3992 781 4024 cx·
824 3978 932 4041 pantiam
939 3977 1037 4025 Jacobs.
1047 3977 1080 4024 ita
1095 3977 1216 4040 explicat:
1230 3977 1298 4024 russi
1308 3978 1342 4024 le

270 4055 392 4116 asperavit
409 4057 503 4104 am'mos
513 4056 614 4122 ferocia
632 4056 731 4119 animi(
741 4055 785 4102 im·
831 4045 937 4120 gendum
955 4073 1006 4103 esce
1025 4055 1131 4104 dubitari
1148 4057 1242 4118 nequit.
1258 4057 1342 4118 Quum

271 4148 312 4185 mo
331 4133 425 4192 nimia‚·
445 4137 575 4202 Gronov.)
594 4136 715 4200 Harpali,
738 4147 784 4183 etc·
831 4137 857 4181 in
875 4135 931 4182 cod.
945 4139 1013 4198 Mog.
1035 4135 1131 4182 decreto
1153 4135 1258 4192 abesset,
1268 4135 1342 4200 jnsm

272 4211 344 4259 Cons.
355 4214 461 4279 Appian.
472 4217 571 4268 Maced.
582 4218 632 4275 IX,
644 4232 668 4262 a.
676 4243 710 4252 -
721 4215 785 4262 FrId.
832 4226 998 4265 correxerunt.
1008 4217 1054 4268 En.
