2904 4960
124 417 253 517 ,53233323
302 435 386 501 tra.
413 435 523 501 xnrr.
551 435 648 502 cle.
675 437 818 502 xxvn.
846 437 1006 504 xxvrn.
1125 441 1170 532 47

97 553 214 624 beret.
237 557 278 624 C.
299 553 453 651 Popillio
468 555 609 626 consuli
622 581 667 624 ex
682 557 891 626 auctoritate
906 573 1050 628 senatus
1067 562 1104 628 C.
1120 563 1174 628 Li·

97 666 217 736 cinius
233 681 366 763 praetor
385 663 527 752 scribit,
549 680 590 736 ut
607 681 644 736 et
661 665 839 762 legionem
861 667 1073 755 secundam,
1094 695 1174 766 quae

97 777 256 848 maxime
268 791 435 848 veterana
448 777 486 846 in
500 777 696 872 Liguribus
710 791 804 864 erat,
819 793 857 848 et
869 777 986 848 socios
999 778 1101 850 latini
1115 775 1176 850 nol

98 887 227 974 minis,
243 901 400 983 quatuor
413 887 524 958 millia
541 886 723 983 peditum,
740 887 916 958 ducentos
929 891 1086 985 equites,
1102 891 1174 960 Idi·

98 997 170 1068 bus
189 995 393 1067 Februariis
410 997 592 1068 Brundisii
608 996 731 1068 adesse
744 995 901 1090 juberet.
918 1003 991 1068 Hac
1011 998 1121 1070 classe
1140 1016 1176 1070 et

99 1107 172 1178 hoc
186 1109 347 1178 exercitu
362 1111 430 1178 Cn.
444 1108 597 1178 Sicinius
611 1108 832 1204 provinciam
848 1108 1099 1180 Macedoniam
1112 1108 1176 1179 ob-

100 1219 235 1296 tinere,
255 1217 372 1288 donee
392 1241 576 1288 successor
594 1218 751 1299 veniret,
766 1218 907 1311 jussus,
928 1235 1124 1315 prorogato
1137 1221 1174 1288 in

101 1351 239 1398 annum
258 1327 422 1424 imperio.
443 1331 493 1396 Ea
510 1328 649 1413 omnia,
672 1350 753 1422 quae
775 1343 919 1398 senatus
937 1330 1094 1414 censuit,
1112 1331 1175 1398 im·

101 1440 204 1536 pigre
222 1435 315 1508 facta
333 1453 426 1520 sunt.
448 1435 818 1533 Duodequadraginta
833 1437 1114 1532 quinqueremes
1133 1463 1177 1508 ex

102 1546 293 1618 navalibus
317 1547 506 1618 deductae:
533 1547 597 1643 qui
622 1545 819 1616 deduceret
843 1570 903 1616 eas
925 1546 1177 1633 Brundisium,

102 1667 143 1732 L.
166 1663 317 1732 Porcius
340 1663 499 1733 Licinius
520 1665 756 1760 praepositus:
776 1659 969 1731 duodecim
996 1683 1040 1730 ex
1063 1662 1180 1732 Sicilia

102 1774 231 1846 missae.
248 1773 303 1844 Ad
319 1771 543 1844 frumentum
558 1772 660 1843 classi
676 1772 923 1867 exercituique
937 1771 1179 1842 coemendum

103 1886 144 1954 in
158 1883 325 1981 Apuliam
342 1882 616 1980 Calabriamque
632 1897 704 1952 tres
722 1881 830 1978 legati
850 1882 966 1967 missi,
985 1884 1063 1952 Sex.
1080 1884 1178 1979 Digi-

102 1996 197 2081 tius,
212 1998 251 2064 T.
266 1996 478 2079 Iuventius,
498 1997 548 2063 Μ.
572 1991 746 2062 Caecilius.
767 1991 823 2061 Ad
844 1993 967 2062 omnia
983 2010 1180 2090 praeparata

105 2106 173 2173 Cn.
200 2101 353 2174 Sicinius
380 2117 523 2199 praetor,
552 2101 745 2198 paludatus
772 2125 817 2173 ex
845 2101 945 2173 Urbe
974 2101 1178 2199 profectus,

104 2209 338 2282 Brundisium
357 2213 467 2282 venit.
1168 2222 1173 2231 '

154 2325 319 2393 XXVIII.
343 2323 453 2392 Exitu
471 2343 587 2419 prope
608 2323 693 2392 anni
713 2325 751 2392 C.
771 2321 945 2418 Popillius
965 2324 1091 2393 consul
1107 2329 1181 2394 Ro-

104 2457 202 2502 mam
217 2431 326 2502 rediit
340 2431 524 2528 aliquanto
540 2433 674 2518 serius,
693 2455 803 2527 quam
817 2446 960 2502 senatus
974 2449 1180 2516 censueram

105 2545 164 2616 cui
184 2544 305 2642 primo
322 2567 472 2640 quoquc
486 2558 651 2640 tempore
667 2541 894 2638 magistratus
910 2565 1048 2629 creare,
1066 2568 1181 2639 quum

104 2669 251 2726 tantum
272 2651 411 2724 bellum
426 2653 647 2736 immineret,
666 2652 804 2745 jussum
827 2661 937 2720 erat¹.
958 2656 1085 2747 Itaque
1107 2679 1182 2723 non

106 2921 173 2968 quo,
190 2917 239 2968 pro
249 2902 359 2966 utponi,
368 2913 453 2949 monet
464 2901 623 2949 Drakenb.-
668 2913 723 2951 ante
732 2906 834 2951 Vascos.
845 2902 1063 2966 Crearipulsuerat
1072 2905 1117 2952 Ms
1124 2905 1183 2951 Vin-

105 2985 142 3030 Et
153 2983 235 3030 socios
248 2981 320 3029 latini
333 2980 455 3038 nominis,
467 2998 491 3044 q.
506 2997 538 3028 m.
545 2981 622 3044 ped„
671 2983 730 3030 dob.
743 2983 809 3030 unda
823 2983 905 3030 creari
912 2983 1045 3046 placuerat
1053 2984 1091 3030 vel
1106 2985 1183 3048 perli-

107 3076 155 3112 etc.
165 3064 216 3126 legi
225 3059 492 3122 jussitGron.sacium.
509 3059 556 3106 Sed
565 3059 628 3106 nibil
671 3063 757 3108 buerat
768 3063 834 3120 conj.
850 3060 966 3109 Oudend.
983 3061 1015 3108 ad
1029 3063 1094 3110 Suet.
1104 3065 1181 3129 Vesp.

107 3144 208 3192 videtur
217 3143 289 3190 Crev.
299 3153 323 3190 et
332 3140 409 3188 Drak.
418 3139 554 3186 mutatione
564 3153 627 3202 opus
673 3141 715 3188 23.
729 3141 838 3188 Verbum
848 3141 935 3205 jubere
956 3139 1081 3189 infinitIvo
1100 3147 1182 3194 activo

108 3240 170 3271 csse.
194 3223 251 3268 IIoc
272 3219 345 3280 loco,
362 3231 390 3268 nt
409 3219 461 3280 jam
485 3217 558 3272 alibi,
582 3233 627 3280 per
671 3221 761 3284 possim
776 3220 862 3284 jungi,
881 3220 925 3267 sed
942 3221 1068 3269 Intellecto
1085 3240 1183 3272 accusa-

109 3301 266 3366 epexegesim
278 3301 395 3362 loquutus
409 3310 447 3346 est
463 3297 554 3345 Lirius.
567 3295 625 3343 Vid·
671 3300 723 3348 tivo
738 3316 837 3358 eorum,
850 3300 893 3362 qui
902 3299 1028 3360 jubentur,
1038 3300 1110 3350 docet
1123 3305 1183 3352 Dra·

108 3382 178 3432 Duk.
191 3381 224 3428 ad
234 3381 345 3438 XXXV,
359 3380 436 3445 uo‚§
452 3380 480 3437 5,
494 3389 519 3426 et
532 3378 626 3426 sanctii
662 3379 745 3427 lrenb.
761 3379 793 3427 ud
810 3381 923 3437 XXVII,
937 3388 970 3436 ul,
982 3414 989 3436 ,
1003 3397 1028 3427 n.
1043 3381 1073 3439 ὃς
1090 3383 1139 3430 vid.
1159 3396 1184 3432 et

109 3463 178 3510 Min.
197 3462 242 3519 IV,
257 3461 326 3517 8,ut
339 3470 363 3506 et
377 3459 454 3507 Periz.
466 3458 498 3505 ad
512 3459 537 3506 h.
550 3458 567 3506 l.
578 3459 624 3504 En.
671 3462 801 3508 Burmann.
824 3458 856 3506 ad
865 3459 953 3523 Virgil.
970 3459 1029 3507 AEn.
1053 3462 1092 3517 11,
1111 3463 1139 3521 3,
1160 3475 1185 3512 et

147 3542 209 3590 Cn.
218 3540 340 3587 XXVIII.
354 3553 376 3585 1.
388 3537 519 3602 Cuiprimo
530 3552 627 3601 quoque
671 3541 729 3586 Em.
743 3539 776 3586 ad
790 3539 914 3600 Tacitum,
929 3539 993 3586 Hist.
1008 3541 1034 3597 1,
1054 3541 1094 3587 38.
1105 3544 1185 3591 Locu-

111 3633 220 3684 tamporc
245 3617 401 3682 magistratus
426 3633 510 3665 creare
530 3616 627 3681 jussum
673 3611 764 3658 tIonem
771 3609 859 3674 jubere
874 3609 951 3657 alicui
964 3610 1078 3658 soloecam
1092 3629 1143 3662 esse
1162 3627 1186 3662 et

111 3711 187 3754 erat5
213 3714 271 3744 usus
291 3695 411 3762 loquendi
432 3695 527 3743 dictat:
556 3711 628 3759 quem
671 3690 699 3736 iu
712 3689 813 3754 optImis
826 3689 989 3752 scriptoribus
1004 3689 1043 3736 vel
1061 3708 1186 3757 nunquam

110 3794 197 3826 creare
202 3777 299 3842 jussum
310 3787 379 3832 erat,
393 3775 433 3824 vel
446 3774 536 3838 qtu'ppe
545 3774 627 3837 primo
672 3769 712 3818 vel
724 3770 845 3816 rarissime
860 3769 944 3816 saltem
958 3768 1056 3818 obviam
1063 3805 1071 3829 ,
1085 3785 1186 3822 conten·

110 3873 211 3921 quoque
234 3868 340 3919 tempore
361 3855 517 3920 magistratus
544 3869 628 3900 creare
673 3847 825 3896 duntGron·
839 3848 871 3895 fid
880 3849 995 3906 XXVII»
1010 3857 1056 3908 243
1074 3852 1140 3900 Dul.
1154 3853 1185 3900 ad

104 3938 192 4000 jussus
201 3948 270 3993 erat,·
281 3935 359 3982 Gron.
371 3933 419 3996 Qui
426 3933 535 3999 (consul)
544 3949 629 3979 creare
672 3928 778 3986 XXIII,
796 3943 848 3996 υ,
868 3925 973 3985 XXVI,
998 3935 1046 3986 41,
1070 3931 1186 3991 XXVII,

104 4018 193 4082 jussus
208 4027 275 4073 erat,
295 4027 320 4064 et
340 4014 381 4062 cni
393 4014 528 4079 (senatui)
549 4012 629 4060 creari
673 4014 722 4066 243
740 4006 814 4054 Drak·
831 4006 863 4054 ad
875 4007 990 4065 XXVII,
1007 4015 1056 4064 ²4,
1069 4011 1186 4072 XXXII,

110 4096 196 4144 vt'srtm
205 4107 260 4142 erat
268 4094 363 4143 emend.
375 4094 446 4142 Crev.
456 4105 480 4140 et
489 4092 533 4157 qui
541 4089 551 4155 (
560 4107 628 4140 sena·
678 4087 724 4142 16;
738 4087 820 4134 Burm·
833 4084 864 4132 ad
878 4087 975 4132 Ρθῑῐθῐῐ-
991 4101 1043 4150 ⁰³P·
1057 4103 1103 4146 713
1116 4091 1185 4140 Cart.

87 4173 90 4180 '
110 4186 156 4222 tus
165 4173 174 4239 )
184 4175 265 4222 creari
269 4175 379 4240 jusserat
390 4173 466 4220 Periz.
478 4172 562 4220 creari
572 4170 629 4220 edd.
674 4166 704 4214 ad
724 4166 781 4215 Sall.
795 4167 853 4228 Jug.
870 4166 920 4223 84;
934 4165 1015 4228 intpp.
1034 4168 1100 4214 Suet.
1111 4171 1184 4232 Vesp.
