2904 4960
136 436 264 536 tte:
379 452 528 518 menn
558 451 675 520 xtn.
705 451 809 520 ose.
840 451 942 518 x1v.
1141 477 1186 546 29

112 575 201 672 pali,
225 574 292 671 qui
312 574 478 670 princeps
495 572 681 670 legationis
700 587 783 642 erat.
807 575 858 658 Is,
878 569 972 642 velle
990 573 1137 670 quidem
1154 591 1189 643 et

110 683 300 770 laborare,
323 683 428 771 dixit,
452 707 591 777 regem,
620 697 660 750 ut
670 688 864 778 purganti,
888 706 927 752 se
946 681 1042 752 nihil
1060 683 1188 756 hostile

111 793 248 866 dixisse
261 809 328 864 aut
330 795 483 884 fhct'sse,
488 793 591 888 fides
605 791 806 862 habeatur:
823 808 1012 879 caeterum,
1031 800 1188 891 st'pervi·
1242 819 1247 832 ·

112 911 234 974 cactus
254 929 405 973 causam
422 901 506 972 belli
520 909 639 998 quaeri
656 902 800 988 uideat,
807 903 906 992 forti
917 909 1041 971 animo
1060 903 1186 993 defien-

108 1040 237 1084 surum
250 1040 299 1084 se.
315 1018 472 1083 Martem
487 1037 715 1083 communem
730 1022 838 1098 esse²‚
853 1028 889 1082 et
899 1029 1062 1082 eventum
1082 1019 1188 1084 incer

109 1141 188 1194 tum
215 1123 308 1193 belli.
342 1123 521 1194 Omnibus
551 1111 755 1193 civitatibus
782 1123 926 1193 Graeciae
960 1138 1069 1219 atque
1098 1125 1187 1194 Asiae

109 1257 206 1305 curae
234 1248 333 1320 erat,
358 1233 447 1329 quid
472 1233 592 1304 Persei
614 1231 742 1329 legati,
762 1231 850 1328 quid
876 1235 1055 1302 Eumenes
1074 1235 1111 1302 in
1134 1257 1187 1304 se·

108 1361 200 1416 natu
218 1346 364 1441 egissem
387 1359 423 1414 et
441 1358 591 1440 propter
610 1341 806 1412 adventum
826 1342 920 1436 ejus,
940 1367 1049 1439 quem
1065 1359 1185 1414 motu-

107 1479 193 1524 rum
222 1451 360 1550 aliquid
389 1451 581 1540 rebantur,
604 1453 773 1522 miserant
800 1451 978 1548 pleraeque
1006 1453 1185 1540 civitates,

107 1564 178 1635 alia
199 1565 236 1632 in
260 1565 415 1661 speciem
434 1560 681 1660 praeferenteS‚
702 1563 846 1658 legatos.
869 1567 914 1632 Et
935 1561 1065 1659 legatio
1086 1563 1186 1634 Rho·

106 1667 279 1744 diorum³
299 1687 387 1760 erat,
402 1695 442 1742 ac
456 1675 602 1770 Satyrus
618 1672 804 1770 princeps,
818 1669 915 1742 haud
935 1671 1084 1759 dubius,
1096 1675 1184 1769 quin

106 1789 290 1855 Eumenes
315 1782 492 1852 civitatem
523 1806 672 1878 quoque
701 1805 801 1852 suam
829 1783 948 1852 Persei
975 1781 1185 1852 criminibus

104 1894 295 1988 junxisset.
318 1897 443 1988 Itaque
462 1892 563 1961 omni
581 1889 693 1962 modo
708 1915 774 1988 per
792 1893 992 1988 patronos‘*
1011 1891 1185 1988 hospites·

107 2028 183 2100 que
201 2000 424 2099 disceptandi
441 2026 525 2072 cum
544 2026 626 2098 rege
642 2002 762 2071 locum
786 2002 823 2069 in
844 2016 970 2072 senatu
988 2000 1181 2097 quaerebat.

107 2112 219 2202 Quod
241 2135 356 2208 quum
382 2113 609 2210 contigisset,
631 2109 796 2182 libertate
813 2112 1111 2209 intemperantius
1130 2114 1184 2182 in-

107 2237 236 2294 vectus
266 2223 302 2290 in
329 2247 473 2319 regem,
499 2221 600 2318 quod
627 2223 819 2318 Lyciorum
845 2237 988 2318 gentem
1014 2222 1183 2296 adversus

108 2332 273 2403 Rhodios
303 2335 537 2418 concitasset,
563 2335 778 2429 graviorque
808 2334 898 2402 Asiae
928 2349 1042 2420 esset,
1072 2361 1183 2430 quam

108 2435 310 2514 Antiochus
328 2441 472 2531 fuisset3
492 2443 705 2541 popularem
724 2442 872 2540 quidem
889 2467 930 2512 ac
944 2441 1102 2538 gratam⁵
1120 2470 1183 2542 po-

108 2555 204 2652 pulis
222 2556 314 2626 Asiae
332 2554 443 2648 (nam
457 2580 502 2625 eo
521 2579 670 2652 quoque
681 2555 754 2649 jam
771 2552 872 2624 favor
884 2555 1003 2624 Persei
1016 2558 1183 2650 venerat)

108 2665 311 2734 orationem
325 2662 470 2752 habuit,
483 2679 650 2734 coeterum
664 2665 813 2734 invisam
827 2665 986 2749 senatui,
999 2663 1183 2735 inutilem-

107 2800 181 2869 que
200 2773 270 2844 sibi
289 2789 325 2844 et
342 2775 473 2844 civitati
492 2799 574 2844 suae.
596 2777 749 2846 Eumeni
770 2801 857 2845 vero
877 2775 1095 2872 conspiratio
1119 2776 1182 2846 ad-

106 2909 233 2955 versus
250 2909 354 2970 eum,
372 2881 531 2954 favorem
546 2885 642 2982 apud
656 2890 838 2956 Romanos
855 2879 972 2954 fecit⁶.
990 2887 1042 2954 lta
1056 2909 1182 2954 omnes

144 3109 169 3140 α.
194 3093 301 3138 Martem
322 3107 472 3138 communem
492 3106 557 3146 esse,
576 3101 621 3137 etc.
667 3071 1018 3158 Eysvmoistecfflarpalus
1028 3097 1053 3134 et
1063 3089 1181 3152 Satyrus)

106 3171 165 3219 elde
176 3170 209 3218 ad
217 3171 250 3230 V,
266 3185 294 3216 12
305 3204 312 3227 ‚
324 3186 350 3216 n,
365 3184 386 3216 1.
668 3169 710 3220 καὶ
719 3168 846 3239 supinate
857 3166 975 3236 χρώμενοι
985 3167 1065 3231 nllus,
1074 3170 1182 3233 Appisn.

143 3251 168 3297 3.
178 3251 214 3296 Et
224 3249 314 3313 legatio
328 3247 492 3304 Rhodiorum,
506 3258 552 3295 etc.
567 3257 623 3293 ante
667 3251 685 3298 l.
696 3250 714 3297 l.
725 3249 768 3314 qui
777 3261 858 3296 tamen
868 3249 956 3312 Satyro
969 3264 1020 3295 non
1031 3265 1113 3296 coram
1124 3267 1181 3298 cum

105 3329 159 3376 haee
175 3327 248 3375 verba
267 3327 363 3374 ridetur
378 3327 460 3375 deesse
478 3326 542 3373 inter
553 3338 623 3373 coete·
667 3346 723 3393 rege
737 3329 763 3376 in
775 3339 861 3375 senatu
875 3327 1027 3391 disceptandi
1041 3328 1179 3376 facultatem

106 3425 149 3455 ras
156 3442 164 3464 ,
181 3418 226 3454 aut
241 3405 318 3452 simile
328 3405 494 3469 quld3Gron.
509 3407 543 3452 Et
554 3406 622 3470 lega·
668 3409 749 3456 datam
768 3408 850 3458 tradit.
878 3405 1056 3470 Intemperanti
1078 3408 1182 3454 malebat

106 3492 623 3556 tionisllltodiorumeratSatyrusprinceps,
669 3490 746 3536 Gron.
763 3487 894 3544 Rationes,
915 3502 959 3532 cur
978 3487 1097 3533 Eumenes
1117 3485 1182 3533 Rho·

106 3575 174 3635 eonj.
187 3574 226 3620 vir
239 3573 327 3621 doctus
337 3573 449 3621 laudatus
460 3588 473 3618 e
485 3571 573 3630 urat,
582 3571 624 3618 hir.
669 3567 716 3614 diis
738 3566 811 3614 fuerit
833 3565 939 3622 invisus,
959 3563 1033 3611 tradit
1046 3565 1183 3630 Polybius,

106 3669 185 3702 vero:
204 3655 239 3700 Et
256 3652 346 3717 legatio
356 3651 506 3700 Rhodiorum
519 3661 626 3697 verterat
668 3649 782 3704 XXVII,
793 3647 817 3692 6.

109 3749 142 3779 ae
153 3735 178 3781 S.
183 3750 212 3797 p.
706 3726 729 3774 5.
742 3725 890 3789 Popularem
908 3739 939 3769 oe
950 3734 1065 3788 grutam,
1081 3725 1138 3772 vide
1150 3725 1182 3773 ad

145 3821 169 3868 4.
179 3812 228 3857 Per
234 3822 355 3875 patronos
373 3809 449 3857 suos?
467 3825 498 3856 an
513 3809 624 3858 Rhodio·
669 3807 706 3863 II,
718 3808 746 3864 8,
758 3821 783 3852 n.
797 3819 819 3850 1.

106 3893 181 3938 rum?
201 3889 277 3938 Cous.
291 3889 323 3936 ed
340 3891 425 3947 XXV,
441 3904 488 3950 29,
508 3905 534 3936 n.
555 3889 624 3937 5.--
705 3885 730 3932 6.
743 3886 861 3930 Favorem
879 3880 950 3944 aprtd
967 3883 1090 3930 Romanos
1100 3882 1181 3947 fecit,-

108 3970 183 4032 Quod
205 3986 281 4034 quum
298 3968 452 4033 contigisset,
471 3984 502 4016 ex
517 3969 623 4032 Appian.
671 3967 733 4013 sorte
748 3961 976 4022 assentientem
989 3973 1045 4008 ante
1061 3963 1119 4010 satis
1132 3979 1184 4013 etat

105 4048 127 4096 l.
136 4049 154 4097 l⁴
164 4051 228 4096 forte
238 4048 286 4112 leg.
296 4065 346 4094 non
357 4047 510 4114 etotttigisset,⁸
519 4047 624 4096 Dulr.-·-
668 4042 822 4099 favorabilis3
842 4043 919 4089 Gron.
934 4041 1062 4108 Appianus
1075 4042 1091 4088 l.
1110 4043 1127 4091 l.
1146 4045 1182 4092 tli-

107 4129 231 4175 Libertate
255 4125 453 4190 intemperantius
472 4127 576 4176 invectus
598 4127 623 4172 in
669 4125 720 4179 eit,
742 4123 834 4186 legatos
855 4120 929 4168 nimis
950 4119 1049 4167 dicendi
1071 4120 1182 4173 libertate

107 4221 187 4269 regem
193 4225 204 4263 ;
216 4205 273 4252 vide
292 4205 324 4252 ed
340 4207 438 4266 XXIV,
458 4223 506 4267 22,
526 4217 579 4255 not.
601 4223 622 4253 1.
669 4206 796 4252 Romanos
807 4201 884 4262 magis
902 4215 1055 4263 exasperasse
1068 4201 1183 4252 adversus
