2904 4960
196 2835 200 2840 .
262 2773 384 2828 tamen
408 2762 473 2829 Cn.
501 2757 671 2828 Sicinium
698 2771 911 2853 praetorem,
940 2757 1044 2852 cujus
1066 2759 1160 2828 inter
1185 2759 1279 2829 cives
1301 2774 1339 2830 et
1442 2793 1443 2841 ς

177 3999 205 4065 Q

259 432 304 516 34
690 435 727 500 rr.
762 433 903 501 nvn
1179 409 1301 512 titt:

255 559 402 624 romam¹
424 553 579 648 hospitio
608 551 686 646 ejus
718 559 771 622 uti
799 567 1018 637 assuesceret,
1050 551 1182 650 quibus
1201 577 1327 622 eorum

257 668 333 760 ipse
349 668 564 760 scripsisset,
591 678 632 731 ut
653 687 838 732 venenum
856 662 1021 732 dandum
1040 678 1191 732 curaret.
1218 665 1329 758 Cujus

256 779 347 844 scire
369 798 407 844 se
429 777 737 869 comparationem
750 771 956 868 plurimam
975 769 1197 866 difficultatis
1214 789 1250 841 et
1256 797 1329 869 pe-

257 882 362 954 rr'erdi
387 882 544 968 habere,
571 881 739 980 pluribus
767 887 916 952 consciis
943 888 1160 980 comparari.
1188 887 1330 952 Eventu

252 1010 433 1091 praeterea
452 999 585 1063 incerto
606 1017 701 1078 esse,
723 1009 764 1062 at
779 1009 846 1062 aut
862 998 949 1062 satri
971 989 1159 1088 ffcacia³
1181 993 1235 1062 ad
1252 1019 1330 1063 rem

248 1102 523 1200 peragendam,
550 1117 615 1172 aut
639 1117 716 1170 tuta
737 1100 886 1172 adrem
911 1101 1103 1171 celandam
1124 1103 1262 1173 dentur.
1284 1108 1332 1174 Se

257 1212 448 1296 datarum,
468 1211 571 1308 qaod
582 1236 647 1280 nec
665 1217 702 1280 in
721 1211 867 1298 dando,
887 1237 953 1282 nec
968 1213 1115 1299 datum,
1136 1213 1209 1284 ullo
1228 1221 1331 1310 signo

257 1323 435 1420 deprendi
452 1338 584 1418 posset.
610 1319 816 1410 Rammius,
840 1324 975 1393 veritus
994 1347 1060 1410 ne,
1082 1324 1110 1393 si
1129 1322 1332 1408 abnuisset,

258 1436 397 1530 primus
425 1433 501 1530 ipse
528 1432 660 1502 veneni
687 1433 976 1528 experimentum
1009 1448 1120 1521 esset,
1151 1429 1333 1504 iacturum

258 1544 440 1641 pollicitus
460 1539 722 1640 proficiscitur,
746 1566 813 1612 nec
836 1541 1068 1613 Brundisium
1093 1557 1175 1612 ante
1192 1542 1334 1631 redire,

259 1679 368 1750 quam
389 1666 570 1724 convento
588 1656 628 1723 C.
650 1651 819 1722 Valeriol
837 1650 973 1748 legam,
996 1653 1060 1748 qui
1081 1653 1173 1722 circa
1192 1652 1334 1724 Chalci-

259 1763 342 1834 dem
367 1787 444 1833 esse
469 1760 669 1848 dicebatur,
695 1761 820 1831 voluit.
844 1761 900 1831 Ad
921 1786 1005 1832 eum
1021 1762 1181 1859 primum
1197 1763 1334 1836 indicio

259 1873 398 1960 delat0,
412 1873 514 1968 jussu
532 1872 610 1965 ejus
624 1875 777 1941 Romam
792 1871 900 1942 simul
919 1872 1027 1943 venit.
1045 1873 1278 1946 Introductus
1293 1877 1333 1946 in

261 1985 417 2071 curiam,
437 2008 518 2079 quae
538 1997 615 2052 acta
633 1997 755 2068 eraut,
777 1985 954 2080 exposuit.

305 2099 434 2166 XVIII.
459 2099 542 2164 Haec
563 2093 608 2162 ad
634 2117 696 2180 ea,
719 2118 800 2188 quae
824 2091 869 2163 ab
893 2098 1055 2166 Eumene
1077 2093 1193 2166 delata
1213 2113 1334 2184 erant,

156 2293 161 2309 ι
261 2231 461 2293 accessere,
486 2231 561 2302 quo
589 2205 765 2275 maturius
787 2203 900 2276 hostis
917 2209 1068 2276 Perseus
1092 2205 1333 2300 judicaretur3

261 2319 399 2413 quippe
416 2339 524 2411 quem
545 2339 622 2384 non
642 2314 780 2409 justum
799 2313 914 2398 modo
930 2339 1102 2412 apparare
1122 2315 1259 2387 bellum
1275 2341 1334 2386 re·

261 2428 320 2522 gio
339 2426 478 2512 animo,
497 2423 560 2495 sed
577 2449 643 2522 per
662 2425 785 2495 omnia
800 2423 1022 2495 clandestina
1035 2427 1184 2522 grassari
1203 2426 1337 2497 scelera

262 2535 536 2627 latrociniorum
555 2559 595 2606 ac
616 2533 874 2619 veneficiorum
893 2535 1098 2608 cernebant.
1120 2538 1207 2608 Belli
1225 2537 1338 2608 admi-

263 2648 425 2717 nistratio
445 2645 490 2716 ad
510 2671 624 2717 novos
640 2646 807 2716 consules
821 2646 953 2740 rejecta
967 2658 976 2689 ¹
996 2661 1050 2718 est
1066 2673 1073 2715 :
1096 2651 1134 2716 in
1149 2651 1339 2746 praesentia

265 2868 474 2966 peregrinos
498 2865 699 2961 jurisdictio
725 2882 821 2956 erat,
851 2865 1007 2938 scribere
1029 2869 1160 2939 milites
1181 2869 1337 2966 placuit,

265 2980 350 3076 qui,
368 2976 599 3074 Brundisium
615 2976 736 3064 ducti,
755 2977 875 3074 primo
890 3002 1038 3074 quoque
1053 2993 1216 3075 tempore
1229 2979 1340 3076 Apol-

264 3089 397 3160 loniam
417 3090 454 3157 in
472 3089 623 3184 Epirum
647 3088 896 3182 trajicerentur
916 3088 961 3158 ad
985 3089 1221 3186 occupandas¹
1234 3092 1341 3160 mari-

264 3201 368 3270 timas
397 3197 527 3284 urbes,
559 3197 624 3268 ubi
652 3199 795 3287 consul,
826 3201 885 3269 cui
912 3199 1098 3296 provincia
1128 3200 1341 3272 Macedonia

267 3309 494 3394 obvenisset,
528 3308 675 3379 classem
708 3309 890 3406 appellere
922 3324 1028 3398 tut0,
1058 3325 1095 3380 et
1123 3311 1245 3408 copias
1271 3335 1342 3408 per

266 3532 460 3588 XXIV,26‚n.
476 3547 499 3590 7.
519 3557 553 3566 —-
571 3529 643 3592 Cujus
654 3529 715 3576 scire
724 3545 777 3578 se...
859 3527 1341 3598 3.Autsatisefficacia,etc.forteleg.
1440 3545 1441 3550 ¹

266 3610 356 3658 habere
363 3644 371 3668 ,
381 3608 492 3672 pluribus
513 3607 614 3655 consciis
628 3606 777 3671 comparari.
823 3606 924 3676 efficax,
941 3621 1034 3666 catuna,
1048 3609 1120 3656 detur
1129 3627 1138 3656 :
1147 3609 1230 3658 saltem
1240 3609 1341 3665 delend,

267 3692 359 3736 Eventu
367 3701 500 3752 praterea,
512 3699 558 3735 etc.
566 3685 664 3735 Walch.
674 3687 777 3736 Emend.
822 3688 850 3740 τὸ
863 3704 912 3735 rem
923 3690 1060 3752 posteriore
1069 3689 1134 3746 loco;
1144 3689 1255 3736 Gronov.
1265 3706 1342 3753 quem

266 3769 318 3816 Liv.
332 3784 387 3831 pag.
405 3767 694 3830 122,sicinterpungit:
710 3768 778 3832 cujus
825 3784 878 3816 non
889 3767 1014 3832 improbat
1027 3767 1151 3816 Drakenb.
1167 3769 1225 3816 coll.
1240 3769 1293 3818 Cic.
1308 3769 1341 3816 de

266 3848 329 3896 scire
349 3863 401 3896 se...
423 3846 520 3894 babere.
545 3844 658 3893 Pluribus
680 3847 781 3894 consciis
825 3848 976 3904 Invent.II,
990 3849 1033 3895 30.
1045 3849 1090 3894 En.

266 3926 408 3990 comparari
413 3945 423 3983 ,·
444 3937 527 3973 eventu
533 3935 667 3988 praterea,
685 3937 731 3973 etc.
743 3929 780 3974 Ita
861 3934 885 3981 4.
900 3927 980 3988 Quom
993 3938 1108 3973 convento
1121 3926 1148 3974 C,
1162 3927 1277 3986 Valerio;
1288 3923 1342 3977 vid.

267 4006 372 4062 centies,
385 4005 434 4064 ait,
443 4016 568 4068 praterea
584 4004 697 4067 ponitur,
710 4016 738 4053 ut
753 4006 780 4052 in
825 4007 916 4064 XXX,
930 4007 962 4060 43
975 4039 981 4063 ‚
994 4022 1019 4053 n.
1033 4013 1057 4060 4.

267 4085 391 4140 membro,
412 4083 480 4146 quod
500 4085 635 4148 praecessit,
651 4085 780 4132 reticeatur
859 4085 918 4133 Cir.
929 4087 1025 4133 XVIII.
1038 4100 1061 4132 1.
1072 4084 1116 4130 Ad
1132 4101 1206 4132 novos
1220 4101 1282 4152 coss.
1301 4103 1343 4132 re-

190 4153 194 4158 ·
260 4164 351 4229 Primo,
362 4165 408 4212 En,
819 4163 905 4227 jecta‚·
915 4164 972 4246 vide
982 4164 1013 4211 ad
1024 4166 1062 4222 II,
1073 4180 1105 4210 22
1115 4198 1122 4223 ,
1132 4180 1157 4210 n.
1172 4171 1196 4218 4.
