2904 4960
132 433 259 536 stet:
339 455 490 522 moen
520 457 640 524 xnn.
661 459 771 536 ,ose
799 457 959 524 xxxn.
1132 449 1177 524 55

106 598 176 672 gne
189 574 394 660 contentio,
409 573 454 646 de
475 577 661 672 provincia
675 573 753 646 fuit.
768 576 929 663 Cassius,
942 581 1022 646 stne
1032 590 1128 646 sorte
1139 599 1180 646 se

107 684 367 756 Macedonium
385 702 680 782 oppugnaturum
693 697 718 772 ¹,
736 683 895 772 dicebat,
909 710 975 758 nec
981 709 1093 783 posse
1109 684 1180 756 col-

106 798 246 890 legam,
273 794 372 871 solvo
387 797 654 892 jurejurando,
680 819 802 868 secum
822 799 954 867 sortiri.
981 800 1179 868 Praetorem

107 928 213 993 essm,
232 929 278 976 ne
301 909 338 978 in
351 913 581 1004 provenct'am
605 914 689 994 iret,
715 913 753 978 in
774 911 946 978 concione
955 907 1123 1001 jurasse,
1143 931 1183 978 se

105 1031 202 1090 stato
227 1016 305 1088 loco
329 1023 505 1115 statisque
528 1017 656 1090 diebus
676 1019 857 1114 socnflcs'o
880 1016 1053 1103 tabem,
1077 1039 1181 1114 quse,

107 1127 260 1198 absente
280 1154 339 1214 sc,
367 1145 460 1200 recte
469 1131 564 1226 fieri
586 1151 661 1200 non
672 1145 845 1227 possent,·
864 1151 949 1226 quoe
971 1151 1045 1198 non
1066 1133 1182 1224 magis

108 1238 272 1326 consule,
288 1263 402 1336 quom
412 1255 590 1337 prcetore,
610 1239 759 1310 absente
773 1254 867 1310 recte
868 1240 962 1334 fieri
966 1254 1128 1336 possent.
1144 1241 1185 1309 Si

105 1363 275 1434 senones,
295 1373 368 1420 non
389 1351 483 1446 quid
496 1349 607 1420 vellet
629 1355 666 1420 in
688 1347 878 1420 consulatu
889 1344 1047 1446 potins³‚
1067 1371 1182 1445 quam

106 1459 203 1556 quid
212 1463 251 1528 in
259 1475 429 1556 prcetura
437 1462 618 1554 juraverit
637 1463 679 1528 P.
695 1463 871 1544 Licinius,
894 1457 1182 1528 animadverten-

107 1567 200 1638 dum
224 1589 301 1640 esse
327 1584 488 1655 censeat,
509 1593 548 1639 se
568 1570 872 1659 tamensuturum
893 1571 930 1636 in
951 1581 1098 1638 senatur
1108 1591 1182 1664 po-

108 1681 275 1748 testatos.
309 1677 475 1749 Consulti
501 1683 643 1765 Patres,
675 1679 735 1749 cui
767 1677 995 1750 consulatum
1024 1677 1184 1774 populus

107 1811 282 1859 romanus
299 1813 375 1860 non
393 1803 576 1885 negasset,
595 1787 642 1859 ub
663 1811 701 1859 se
722 1789 946 1886 provinciam
965 1788 1107 1884 negari,
1129 1809 1184 1856 su·

109 1895 266 1996 perbum
293 1900 383 1984 rati,
410 1900 532 1970 sortiri
560 1897 727 1970 consules
753 1899 949 1994 jusserunt.
981 1901 1018 1968 P.
1044 1898 1183 1968 Licinio

110 2007 344 2092 Macedonia,
371 2011 408 2079 C.
439 2009 561 2080 Cassio
586 2008 688 2080 ltalia
713 2008 871 2081 obvenit.
900 2010 1076 2106 Legiones
1099 2007 1185 2080 inde

110 2119 228 2190 sortiti
251 2132 361 2188 sunt:
380 2119 497 2216 prima
522 2133 559 2189 et
582 2118 687 2190 tertio
710 2120 747 2188 in
774 2117 1022 2191 Macedoniam
1043 2117 1185 2211 trajice·

111 2244 250 2314 rentur,
265 2228 423 2299 secunda
438 2244 475 2300 et
486 2243 616 2325 quarta
630 2244 672 2299 ut
687 2230 725 2298 in
743 2228 845 2300 ltalia
863 2244 1100 2300 remanerent.
1118 2233 1186 2298 De·

112 2337 226 2408 lectus
240 2336 406 2408 consules
423 2337 539 2408 multo
552 2337 810 2426 intentiorem,
820 2363 929 2435 quam
945 2337 1046 2425 alias,
1060 2361 1184 2408 curam

112 2447 306 2520 hebebant.
333 2449 492 2518 Licinius
518 2463 656 2520 veteres
682 2470 832 2546 quoque
857 2445 1036 2518 scribebat
1056 2447 1186 2530 milites
1273 2504 1277 2513 .

111 2559 440 2655 centurionesque:
460 2559 619 2630 etmulti
637 2557 822 2630 voluntate
843 2555 1013 2630 nomina⁵
1032 2557 1185 2644 (labant,

113 2670 197 2765 quia
211 2668 409 2765 locupletes
421 2666 613 2756 videbant,
625 2671 690 2766 qui
702 2671 824 2766 priore
839 2668 1074 2738 Macedonico
1087 2667 1186 2738 hello

113 2791 175 2850 aut
201 2777 372 2850 adversus
396 2778 616 2850 Antiochum
641 2781 678 2850 in
702 2780 802 2866 Asia,
822 2777 1000 2878 stipendia
1017 2775 1185 2849 fecerant.

147 3019 212 3068 Cer.
224 3021 334 3066 mn.
349 3033 371 3068 1.
384 3018 441 3066 Sine
456 3029 521 3066 sorte
533 3033 560 3065 se
575 3020 629 3064 Ma·
673 3018 716 3082 qui
729 3019 792 3065 hanc
810 3017 874 3066 Livii
887 3027 992 3065 mentem
1006 3031 1058 3064 esse
1071 3015 1148 3066 dicit:
1161 3019 1187 3065 st

115 3097 244 3145 sedoniam
272 3107 486 3163 oppugnaturum,
515 3095 630 3143 adversus
674 3109 755 3146 temen
767 3101 850 3146 Patres
867 3107 961 3144 tentum
980 3095 1135 3160 indulgerent
1148 3097 1187 3145 Li·

115 3193 166 3225 eem
183 3185 366 3242 pugnaturum,
382 3175 475 3223 bellum
495 3185 628 3238 gesturum.
675 3177 757 3234 cinio,
775 3186 804 3224 ut
826 3176 910 3241 potius
928 3173 1048 3223 rationem
1070 3175 1187 3225 heberent
1216 3190 1220 3207 t

117 3257 299 3322 Occupaturum
315 3257 381 3316 conj.
398 3256 457 3304 Em.
473 3253 559 3302 statim
575 3269 630 3302 oum
675 3257 738 3318 ejus,
753 3255 821 3320 quod
834 3253 876 3303 ille
890 3266 991 3320 cuperet
1004 3255 1104 3314 consul,
1115 3271 1187 3320 quam

116 3335 212 3384 seben.
220 3335 301 3398 legere
309 3339 468 3398 optaturum,
480 3333 630 3398 quodetiam
674 3337 739 3397 ejus,
753 3335 820 3400 quod
828 3335 931 3397 jurasset
940 3346 1040 3398 praetor,
1053 3351 1078 3380 se
1094 3333 1188 3382 obtem·

116 3431 229 3480 recepere
246 3415 318 3464 Cret.
334 3424 359 3462 et
375 3411 441 3463 Cler.
454 3413 497 3479 (et
508 3415 630 3462 recentius
674 3427 816 3480 potaturum
825 3414 919 3462 senatui
928 3411 1120 3476 eiqucdsturum
1126 3413 1187 3472 hoc,

116 3495 234 3558 Doering.
252 3493 297 3542 En.
306 3491 412 3556 )Extra
424 3503 513 3541 sortem
530 3493 631 3557 eollegoe
674 3495 1084 3559 ut,contrsqunm1ustumputet,
1098 3493 1187 3542 insor-

118 3575 240 3640 optionem
253 3572 311 3620 darr'
314 3571 449 3637 provincia
457 3570 629 3637 t'ssr'qunmfise-
674 3586 724 3623 tem
732 3573 873 3638 provincius
883 3574 971 3620 mittat.

119 3653 161 3712 rit,
170 3653 277 3712 ml,
293 3665 336 3713 29
345 3651 419 3700 Cotti.
434 3649 465 3698 sd
477 3649 568 3699 Bhrum
579 3651 632 3706 111,
713 3661 737 3708 4.
747 3649 915 3718 Sefutnrum'
905 3662 1038 3698 snsenatns
1045 3661 1188 3714 potestate,

119 3733 204 3793 64,n.
220 3733 247 3780 5.
675 3731 778 3782 vidend
794 3735 835 3792 11,
850 3729 1190 3790 sustentandae

152 3827 177 3862 s.
191 3813 327 3859 Proetorent
338 3823 392 3856 eum
398 3807 498 3874 jurasse
504 3845 513 3868 ,
529 3825 555 3856 se
566 3819 631 3856 stato
676 3824 767 3877 quarta
776 3811 860 3870 exiis,
871 3826 926 3874 quae
938 3810 988 3859 hoc
997 3825 1063 3856 enno
1074 3826 1089 3857 n
1102 3826 1188 3858 consu·

120 3891 170 3939 loco
180 3889 301 3954 statisque
309 3887 628 3956 diebmsacn’ficiatabm,
674 3889 740 3940 libus
750 3891 847 3955 scripse
860 3901 886 3939 et
896 3905 928 3939 ex
939 3891 1004 3941 scso
1016 3889 1047 3938 iis
1061 3891 1188 3956 assignasse

120 3981 163 4019 etc.
175 3969 277 4018 vidend
289 3969 359 4028 xm,
372 3968 403 4015 15
408 4002 415 4027 ,
428 3985 456 4018 u.
469 3968 493 4016 5.
675 3981 761 4032 ersut;
775 3969 850 4018 Drak.
863 3997 897 4006 --
910 3972 1007 4018 Veteres
1020 3985 1132 4034 quoqne,
1143 3969 1188 4016 im·

154 4050 178 4098 3.
190 4049 218 4096 Si
236 4059 348 4105 senatus,
365 4063 415 4095 non
436 4046 499 4111 quid
516 4045 589 4096 vellet
606 4046 631 4094 in
676 4065 717 4098 mo
726 4065 851 4114 quosque,·
861 4047 926 4098 Duk.
935 4049 1007 4099 conf.
1019 4065 1072 4113 cap.
1084 4049 1126 4098 31.

121 4129 247 4178 consulatu
258 4127 355 4192 potins:
369 4141 417 4191 pro
437 4139 487 4173 non
501 4126 564 4174 forte
582 4125 631 4188 leg.
714 4131 738 4178 5.
753 4127 1129 4194 Voluntate,sponte,nomina
1143 4127 1189 4174 du·

124 4221 196 4266 none,
206 4219 249 4256 sut
264 4205 314 4255 del.
325 4221 374 4254 non
386 4205 502 4255 suadente
517 4207 630 4256 Gronov.
678 4210 739 4260 bant
746 4227 756 4268 ,·
766 4207 822 4258 vide
834 4207 866 4256 sd
877 4209 903 4268 1,
918 4223 997 4271 11,n.
1012 4209 1035 4257 3.
