2904 4960
129 413 247 512 atax
311 431 403 497 ma.
430 429 550 495 ama
578 427 686 494 cla.
715 425 858 495 xvru.
886 429 988 495 ιιιιι.
1122 427 1166 498 35

68 551 70 555 ’
104 547 330 622 commodum
348 557 550 645 exponere²
571 562 703 644 posset.
728 550 926 635 Eumenes,
946 547 1168 644 aliquamdiu

103 661 228 755 AEginae
243 671 407 729 retentus
421 656 623 754 periculosa
637 672 673 727 et
686 651 823 726 dilfic'ili
838 657 1038 748 curatione,
1052 685 1168 758 quum

21 801 25 808 ·
101 771 254 866 primum
287 782 366 837 tuto
393 768 532 863 potuit,
563 764 747 863 profectus
777 770 1009 863 Pergamum,
1040 788 1169 868 praeter

101 879 288 976 pristinum
308 875 433 946 odium
455 877 592 947 recenti
614 877 721 946 etiam
744 875 877 946 scelere
900 879 1019 948 Persei
1040 881 1169 950 stimu-

99 989 210 1076 lante,
230 1011 371 1058 summa
387 988 423 1056 vi
442 985 590 1084 parabat
607 985 756 1056 bellum.
775 989 898 1082 Legati
914 1013 960 1058 eo
978 987 1023 1058 ab
1037 995 1167 1081 Roma,

100 1099 315 1196 gratulantes
332 1097 432 1194 quod
447 1121 467 1167 e
482 1111 584 1166 tanto
599 1095 761 1193 periculo
778 1097 962 1186 evasisset,
977 1117 1166 1170 venerunt.

102 1213 219 1300 Quum
241 1209 514 1279 Macedonicum
534 1205 672 1276 bellum
695 1206 733 1275 in
755 1201 915 1276 ιιιιιιιιιιι3
940 1206 1090 1278 dilatum
1113 1234 1168 1280 es-

100 1335 169 1405 set,
193 1321 329 1389 caeteris
354 1314 570 1416 praetoribus
589 1317 663 1410 jam
685 1317 722 1384 in
747 1317 950 1413 provincias
974 1317 1167 1414 profectis,

99 1434 146 1499 Μ.
165 1428 293 1499 Iunius
311 1443 347 1498 et
367 1431 426 1524 sp.
446 1426 653 1510 Lucretius,
675 1423 810 1522 quibus
829 1427 1008 1524 Hispaniae
1024 1433 1169 1525 provin-

99 1540 158 1610 ciae
176 1538 420 1624 obvenerant,
440 1534 585 1634 fatigato
607 1560 699 1634 saepe
721 1535 818 1606 idem
840 1535 999 1634 petendo
1021 1555 1146 1611 senatu
1157 1531 1169 1627 ¹,

97 1649 242 1719 tandem
264 1649 510 1746 pervicerunt,
536 1661 578 1716 ut
602 1646 896 1744 supplementum
913 1646 982 1717 sibi
1003 1647 1048 1718 ad
1065 1675 1169 1721 exer-

98 1759 207 1827 citum
231 1757 377 1828 daretur
403 1759 471 1826 tria
494 1755 606 1826 millia
628 1755 813 1853 peditum,
836 1773 983 1828 centum
1004 1773 1040 1830 et
1063 1761 1169 1856 quin-

97 1869 270 1965 quaginta
296 1868 437 1964 equites
461 1867 499 1935 in
527 1891 693 1936 romanas
717 1866 907 1964 legiones:
934 1869 972 1937 in
1001 1871 1169 1942 socialem

97 1980 296 2050 exercitum
311 1978 474 2074 quinque
488 1977 599 2047 millia
610 1975 774 2074 peditum
788 1991 824 2046 et
834 1991 1015 2048 trecentos
1030 1981 1170 2076 equites

96 2087 274 2183 imperare
293 2086 397 2156 sociis
413 2085 512 2180 jussi.
531 2091 611 2156 Hoc
627 2087 812 2184 copiarum
828 2087 865 2154 in
881 2087 1069 2184 Hispanias
1085 2115 1169 2161 cum

95 2196 313 2293 praetoribus
334 2197 437 2267 novis
455 2212 641 2294 portatum
657 2212 720 2269 est.

143 2311 238 2378 XIX.
263 2305 401 2378 Eodem
419 2333 533 2396 anno,
557 2310 641 2405 quia
660 2333 726 2406 per
741 2312 1026 2408 recognitionem
1040 2317 1168 2384 Postu-

94 2420 158 2488 mii
176 2418 335 2489 consulis
357 2443 487 2516 magna
505 2444 587 2517 pars
607 2421 681 2517 agri
697 2423 888 2518 Campani,
906 2447 1017 2519 quem
1037 2425 1168 2520 privati

94 2531 172 2600 sine
183 2528 392 2600 discrimine
406 2531 538 2625 passim
556 2528 809 2626 possederant,
827 2535 1087 2630 recuperatam
1103 2560 1169 2630 pu-

92 2638 258 2710 blicum¹
285 2653 377 2725 erat,
398 2641 447 2707 M.
470 2640 659 2711 Lucretius
680 2638 848 2710 tribunus
868 2640 985 2738 plebis
1005 2643 1167 2738 promul-

91 2752 209 2846 gavit,
225 2763 267 2819 ut
285 2773 411 2845 agrum
430 2753 654 2847 Campanum
675 2775 842 2822 censores
861 2748 1057 2821 fruendum
1075 2753 1168 2823 loca-

90 2869 226 2930 rent2:
249 2859 350 2955 quod
379 2856 514 2930 factum
538 2875 605 2930 tot.
620 2862 722 2930 annis
744 2875 828 2957 post
849 2876 988 2956 captam
1007 2866 1167 2960 Capuam

91 2995 167 3039 non
197 2967 334 3058 fuerat,
357 2971 457 3040 utin
481 2966 617 3040 vacu0³
639 2985 831 3066 vagaretur
854 2969 1030 3065 cupiditas
1048 2973 1167 3068 priva-

89 3097 227 3150 torum.
242 3082 365 3168 Quum
378 3081 416 3150 in
430 3082 696 3176 exspectatione
711 3095 855 3152 senatus
869 3096 977 3170 esset,
992 3081 1089 3152 bello
1102 3087 1167 3154 etsi

90 3217 167 3262 non
196 3189 354 3279 indicto,
376 3178 497 3261 tamen
517 3190 592 3284 jam
617 3189 785 3278 decretu,
809 3192 873 3286 qui
895 3216 1020 3288 regum
1043 3218 1166 3282 suam,

126 3467 152 3498 2.
164 3453 216 3497 Per
231 3451 385 3498 commodum
399 3467 538 3516 exponere,
534 3471 540 3482 ·
554 3452 610 3499 vide
655 3469 708 3516 cap.
724 3453 772 3498 32:
792 3451 823 3496 de
839 3465 892 3496 meo
910 3451 989 3498 reditu
1004 3462 1057 3498 octo
1077 3452 1169 3501 tribuni

88 3531 121 3578 ad
134 3533 233 3589 XXX,
248 3546 296 3592 29,
306 3547 330 3579 ιι.
345 3534 370 3578 3.
650 3531 847 3594 promulgarunt.
858 3530 903 3576 Eu.

126 3612 201 3657 3.1n
220 3626 330 3670 annum,
351 3627 386 3657 sc.
402 3612 559 3688 proximum,
583 3622 610 3657 ut
690 3626 713 3656 2.
726 3607 883 3674 Αὲιιιιιιθψ
872 3623 981 3654 emores
974 3607 1121 3682 fruendum
1131 3614 1165 3659 Io

86 3706 147 3753 sup.
162 3689 203 3736 ad
212 3705 287 3736 novos
300 3705 359 3737 coss.
654 3700 754 3745 careut;
749 3687 824 3734 ·vide
837 3687 869 3733 ad
882 3671 997 3747 XXVII,
1010 3687 1037 3745 3,
1054 3706 1079 3738 n.
1097 3707 1118 3739 1.
1131 3718 1166 3728 --

124 3769 191 3816 Car.
205 3770 281 3816 XIX.
298 3784 320 3817 1.
334 3768 608 3833 Recuperataiupubli-
654 3767 727 3828 Quod
735 3765 835 3830 factum
860 3776 896 3812 tot
913 3764 997 3823 annis,
1021 3779 1067 3816 etc.
1090 3771 1165 3819 immo

85 3863 146 3894 cum
155 3866 165 3904 ,·
178 3847 237 3894 vide
250 3847 281 3894 ad
296 3850 335 3905 II,
351 3863 383 3908 9,
400 3864 425 3894 n.
437 3855 460 3902 4.
474 3875 505 3882 -
523 3847 606 3894 Tribu-
652 3845 752 3892 biennio
769 3856 840 3908 post3
857 3844 913 3891 vide
928 3845 958 3891 ad
978 3847 1092 3906 XXVII,
1109 3852 1122 3896 3
1139 3860 1166 3916 et

85 3944 134 3974 nus
140 3928 223 3991 plebis
228 3928 408 3992 promulgavit
419 3939 476 3991 post
480 3927 560 3991 plebis
568 3945 608 3974 ex·
655 3941 694 3973 ιι.
717 3924 765 3972 Sed
784 3923 872 3971 deiude
887 3923 985 3971 videtur
1001 3925 1165 3974 intermissum
1197 3981 1201 3992 p
1253 3961 1265 3977 η

84 4006 257 4070 ciditlcgem
251 4005 386 4054 ·.-Drak
398 4006 517 4054 Observat
526 4019 607 4054 tamen
652 4006 739 4063 litisse3
752 4004 817 4051 an.

84 4085 211 4149 Doerlng
232 4085 321 4148 passim
338 4086 498 4149 promulgare
514 4085 607 4150 slmpli-
689 4085 712 4132 3.
732 4087 762 4130 In
782 4099 879 4138 vactro,
903 4093 1003 4130 vacante
1027 4098 1099 4144 agro,
1122 4085 1167 4147 qui

84 4164 152 4210 citer
166 4165 246 4228 poni3
261 4181 285 4212 v.
297 4183 321 4213 c.
335 4164 401 4228 apud
415 4165 466 4216 Cic.
480 4181 527 4228 pro
540 4167 608 4214 Sext
652 4163 703 4212 sino
725 4164 827 4212 domino
855 4179 906 4211 esse
923 4149 1066 4214 videbatur.
1091 4165 1163 4212 Conl'.

989 4249 1017 4318 3.
