2904 4960
323 269 330 298 l

126 453 250 506 ω,
386 407 885 477 transumuntur
1045 409 1170 478 ,13

98 529 264 602 ferebant
290 529 400 624 vulgo
426 529 586 598 civitates
613 541 686 597 tam
711 529 774 625 pio
796 525 902 625 erga³
922 531 1170 627 propinquos,

98 655 171 710 tam
183 641 284 734 justo
298 639 336 708 in
353 639 468 724 cives,
485 653 559 708 tam
576 636 750 708 munifico
766 661 850 735 erga
863 663 992 710 omnes
1003 639 1171 713 homines

97 751 191 845 regi,
206 773 271 822 seu
286 747 382 819 fama
397 763 434 818 et
447 748 632 842 majestate
644 749 886 823 macedonum
899 773 1027 846 regum
1041 775 1171 849 praeoc-

95 861 220 954 cupati
233 857 280 930 ad
299 857 541 954 spernendam
557 859 734 954 originem
749 861 834 928 novi
850 861 994 955 regni⁴3
1016 885 1079 931 seu
1093 886 1170 932 mu·

97 969 245 1038 tationis
266 993 389 1040 rerum
410 967 557 1064 cupidi;
585 992 650 1038 seu
671 970 758 1063 quia
780 993 865 1040 eum
887 968 1072 1065 objectum
1092 995 1171 1043 esse

96 1079 269 1148 Romanis
293 1077 476 1150 volebant.
500 1083 609 1147 Erant
630 1095 752 1149 autem
771 1103 849 1149 non
868 1079 976 1150 AEtoli
998 1081 1110 1152 modo
1130 1087 1170 1151 in

96 1189 359 1276 seditionibus,
382 1203 534 1287 propter
556 1190 740 1285 ingentem
768 1190 840 1258 vim
863 1191 942 1261 aeris
964 1191 1088 1278 alieni,
1106 1193 1170 1263 sed

96 1301 255 1372 Thessali
279 1302 410 1372 etiam:
439 1325 480 1371 ea
500 1301 738 1396 contagione,
759 1300 859 1370 velut
883 1299 983 1372 tabes
991 1297 1017 1386 ⁵,
1037 1303 1075 1372 in
1089 1306 1172 1373 Per-

95 1411 269 1482 rhaebiam
295 1434 444 1507 quoque
464 1409 501 1480 id
520 1425 725 1506 pervaserat
745 1410 892 1480 malum.
914 1413 1036 1500 Quum
1056 1413 1170 1484 Thes·

95 1522 190 1592 salos
207 1523 245 1591 iu
263 1523 371 1592 armis
388 1545 467 1591 esse
485 1523 692 1592 nuntiatum
710 1534 764 1591 est
774 1516 803 1607 ⁶,
824 1526 892 1618 Ap.
910 1521 1102 1592 Claudium
1117 1523 1170 1594 le·
1232 1537 1235 1547 '

94 1647 221 1730 gatum
234 1632 350 1704 adeas
362 1657 419 1702 res
432 1629 656 1728 aspiciendas
670 1629 1016 1728 componendasque
1026 1648 1172 1704 senatus

96 1745 205 1814 misit.
235 1745 331 1832 Qui,
361 1744 552 1838 utriusque
582 1742 693 1839 partis
720 1741 945 1840 principibus
973 1745 1171 1841 castigatis,

97 1877 215 1951 quum
229 1853 367 1948 injusto
385 1850 510 1924 seuere
524 1865 710 1949 gravatum
726 1877 772 1923 aes
786 1853 943 1924 alienum
953 1865 980 1942 ⁷,
1000 1855 1087 1952 ipsis
1100 1881 1171 1928 ma·

96 1989 167 2060 gna
188 1987 235 2034 ex
254 1976 354 2059 parte
369 1960 674 2049 concedentibus,
693 1963 758 2058 qui
777 1979 988 2051 onerarant,
1004 1965 1173 2054 levasset,

94 2074 185 2166 justi
199 2072 327 2146 crediti
340 2071 562 2142 solutionem
573 2074 612 2142 in
623 2073 639 2102 *
651 2096 832 2142 annorum
847 2076 1042 2170 pensiones
1058 2075 1173 2148 distri·

96 2183 190 2253 buit.
211 2186 280 2254 Per
297 2180 466 2252 eumdem
485 2183 644 2280 Appium
664 2181 869 2279 eodemque
889 2183 1001 2255 modo
1021 2209 1172 2283 compo-

96 2296 174 2365 sitae
202 2295 240 2362 in
267 2291 472 2363 Perrhaebia
500 2317 568 2362 res.
603 2292 803 2362 AEtolorum
831 2316 955 2364 causas
980 2295 1171 2366 Marcellus

104 359 184 431 XC·
202 393 248 444 173.

134 2497 157 2543 3.
173 2494 218 2542 Pio
230 2510 290 2560 erga
297 2493 447 2558 propinquos
456 2512 466 2550 ,·
478 2505 578 2542 matrem
588 2505 613 2542 et
656 2495 820 2560 contagioue;
830 2497 978 2544 Gronov.-
988 2497 1041 2546 Etsi
1051 2499 1173 2548 Gronovii

97 2587 148 2622 tres
160 2575 259 2634 fratres,
270 2575 380 2622 Attalum
394 2575 485 2639 (quem
497 2573 613 2622 Philadel-
657 2575 852 2624 emendationem
868 2575 974 2642 probent
985 2577 1056 2625 Crev.
1072 2588 1095 2625 et
1111 2579 1172 2626 Dra-

98 2655 203 2720 phuma
216 2665 304 2700 mutuo
319 2655 346 2700 in
365 2654 462 2702 fratrem
475 2669 557 2701 amore
574 2669 614 2700 co·
657 2655 744 2714 kanb„
764 2655 901 2718 DoeringIo
919 2655 1050 2720 legendnm
1074 2657 1172 2706 videtur

99 2733 270 2797 gnominatnm
299 2733 386 2780 dicunt
410 2732 513 2790 Strabo,
539 2734 611 2789 XIV,
658 2749 691 2782 cx
701 2736 857 2800 contagione.
871 2736 912 2783 Sic
924 2737 1057 2800 snpra,V,
1072 2736 1104 2796 6,
1118 2739 1172 2785 vel·

99 2830 154 2878 pag.
164 2813 227 2870 641,
242 2813 309 2873 667;
323 2811 406 2876 Steph.
420 2813 479 2876 Byr.
496 2812 523 2859 in
532 2812 612 2882 Εὐμί·
659 2825 686 2861 ut
696 2831 729 2861 aa
739 2815 906 2880 contagione,·
919 2826 944 2862 et
958 2817 1012 2873 IX,
1027 2831 1053 2874 1,
1073 2815 1175 2879 nequid

98 2903 196 2956 stimet
206 2891 347 2940 Marcianus
359 2890 522 2954 Heracleote),
533 2891 612 2938 Phile-
658 2909 691 2940 ex
708 2894 854 2959 contagione
870 2910 944 2941 ποκα
960 2905 1088 2941 remaneat
1096 2910 1172 2958 penes

100 2985 184 3020 tarum
198 2984 223 3020 et
235 2971 389 3020 Athenaeum.
403 2971 475 3019 conf.
494 2987 548 3034 cap.
566 2972 612 3030 16,

101 3053 148 3111 55,
166 3061 192 3098 et
207 3053 286 3108 XLV,
307 3051 350 3110 133
367 3049 457 3114 Polyb.
476 3052 568 3107 XXII,
591 3067 613 3107 1,

100 3132 130 3188 5,
152 3145 204 3205 27,
223 3131 328 3188 XXIII,
354 3132 400 3187 18;
422 3129 536 3186 XXVII,
563 3130 610 3185 πᾶς

100 3210 229 3266 XXVIII,
242 3225 271 3268 7,
283 3224 329 3268 ro;
342 3209 460 3266 XXXII,
470 3207 503 3254 23
514 3223 521 3264 ;
532 3205 612 3256 Str-ab.

100 3290 177 3348 XIII,
187 3305 213 3352 p.
224 3289 274 3344 624
284 3287 362 3345 ;Plut.
373 3285 429 3355 περὶ
440 3280 613 3356 φιλαδελφίας,

99 3386 155 3434 pag.
167 3371 218 3424 480
228 3381 252 3415 et
264 3369 324 3430 489.
333 3395 368 3404 -—
377 3369 439 3414 Mox
445 3366 616 3431 preoccupati

103 3461 126 3497 et
134 3449 220 3512 cupidi
229 3457 462 3512 proprceoccnpatae
472 3458 496 3494 et
506 3445 613 3510 cupidoe,

103 3544 137 3576 sc.
150 3529 275 3584 civitates;
295 3525 394 3573 vidend
406 3528 430 3585 I,
447 3534 477 3581 tr
487 3560 494 3584 ,
505 3541 531 3575 n.
552 3541 576 3583 1,
592 3537 616 3572 et

104 3609 205 3668 lll,47,
219 3623 243 3652 n.
265 3621 287 3652 1.
466 3665 469 3674 ι

139 3696 163 3743 t.
181 3687 225 3732 Ad
241 3685 402 3749 spernendum
422 3683 541 3748 originem
562 3682 620 3730 noni

103 3764 173 3830 regni
184 3764 334 3828 Pergameni.
352 3765 432 3824 Hujus
453 3761 514 3809 fines
534 3761 619 3826 ampli·

104 3845 186 3892 licavit
205 3847 339 3904 Eumenes,
354 3843 455 3904 ejusque
466 3855 536 3906 pater
554 3843 619 3889 Atta-

103 3924 139 3972 lus
162 3924 259 3988 primus
281 3923 375 3985 regium
393 3921 498 3968 adscirit
518 3935 617 3967 nomeu.

103 4005 140 4053 ct.
152 4005 285 4060 XXXIII,
302 4017 352 4058 21,
366 4012 389 4048 et
401 4003 555 4058 XXXVIII,
575 4001 617 4062 39.

138 4084 163 4132 5.
174 4084 215 4130 Ea
226 4079 387 4144 contagione,
399 4081 468 4127 velut
479 4080 558 4134 tabes,
571 4089 617 4126 etc.

104 4163 158 4211 vide
174 4163 208 4210 nd
222 4161 355 4218 XXXIX,
374 4175 406 4220 9,
419 4175 443 4206 n.
463 4175 484 4204 1.
500 4157 582 4205 Scribe
595 4168 619 4203 et

658 2987 711 3021 nos.
723 2975 771 3020 En.

694 3050 718 3098 6.
737 3049 885 3096 Nuntiatum
903 3061 953 3107 est‚·
970 3051 1053 3098 forsan
1077 3053 1173 3100 nuntia-

657 3139 708 3175 tum
719 3141 786 3176 esset.
798 3131 875 3178 Gron.
889 3157 924 3166 -
936 3130 981 3177 Ad
994 3147 1037 3178 eas
1052 3149 1089 3179 res
1103 3133 1169 3196 aspi·

657 3206 756 3255 ciendos
764 3226 776 3264 ,·
787 3208 844 3256 vide
853 3209 884 3256 ad
893 3211 958 3256 XXI
967 3244 974 3267 ‚
984 3210 1013 3266 6,
1025 3227 1050 3258 u.
1061 3218 1086 3266 4.

697 3303 719 3348 7.
729 3287 825 3351 Injusto
829 3287 918 3354 fenore
922 3300 1057 3354 gravatum
1065 3306 1099 3336 ωε
1111 3289 1173 3337 alie-

659 3382 732 3422 num,
743 3366 784 3414 hic
795 3367 866 3414 locus
875 3383 973 3431 qnoque
984 3367 1047 3416 valet
1057 3369 1173 3418 adversus
1249 3417 1250 3424 ,

661 3446 758 3494 Salmas.
780 3445 810 3492 de
829 3448 903 3494 Usur.
923 3463 976 3510 cap.
997 3463 1029 3504 a,
1046 3465 1101 3511 pag.
1121 3447 1171 3508 33;

661 3540 713 3588 cap.
738 3525 767 3579 5,
784 3540 840 3588 pag.
862 3539 925 3582 121,
939 3524 983 3572 ubi
994 3525 1070 3590 fcinus
1083 3529 1172 3592 impro-

661 3604 714 3667 prie
732 3615 756 3651 et
774 3620 819 3668 per
832 3603 934 3658 abusum
953 3621 1000 3668 pro
1020 3621 1105 3666 usura,
1118 3624 1173 3670 quae

661 3683 772 3746 pecuniae
787 3683 886 3730 creditae
897 3695 987 3746 praeter
998 3696 1088 3732 sortem
1106 3703 1174 3734 acce-

662 3761 699 3810 dit
709 3797 716 3819 ,
726 3761 775 3808 diei
785 3762 926 3811 contendit:
938 3761 1006 3826 quod
1016 3767 1128 3813 Gronov.
1143 3767 1175 3814 de

662 3843 718 3890 Pac.
729 3842 786 3888 Vet.
802 3843 847 3900 IV,
869 3857 897 3895 r,
912 3853 936 3889 et
952 3843 1030 3890 Mant.
1049 3845 1105 3893 Pec.
1118 3847 1174 3892 Vet.

662 3922 682 3982 1,
692 3919 845 3976 confutarim
857 3919 951 3968 Duker.
964 3948 998 3957 -
1010 3925 1074 3968 Iusti
1089 3924 1176 3972 crediti

661 3999 825 4054 solutionem
847 3999 902 4046 vide
922 3999 954 4046 ad
970 4001 1014 4058 Vl,
1040 4010 1086 4060 14,
1103 4020 1127 4049 n.
1149 4006 1174 4052 6.

662 4079 726 4124 Mox
743 4088 799 4124 aute
813 4093 935 4125 annorum
953 4096 1068 4128 numerus
1091 4097 1177 4130 eornm

662 4155 782 4204 excidisse
797 4155 899 4204 videtur.
