2904 4960
247 442 294 526 46
660 441 696 504 T·
730 439 872 505 L1V11
1169 419 1290 519 tta:

245 567 448 632 Eumenem
472 563 509 626 in
533 554 615 643 ea5,
639 558 860 626 Antiochum
879 563 915 625 in
938 560 1061 650 Syria,
1079 555 1319 629 Ptolemceum

246 681 283 743 in
304 670 536 742 Alexandria
554 693 631 738 sese
652 675 865 737 convenisse.
892 671 1026 738 Omnes
1043 667 1251 739 sollicitatos
1271 669 1287 738 l
1304 711 1318 724 ·

242 781 451 880 gationibus
467 784 608 864 Persei,
627 779 694 848 sed
707 784 847 873 egregie
862 777 987 873 infide
991 801 1212 874 permanere
1219 832 1230 864 ,
1236 779 1319 875 pol-

246 895 432 989 licitosque
450 894 590 974 omm'a,
613 911 699 985 quoe
715 887 876 985 populus
897 903 1071 958 romanus
1088 895 1316 986 imperasset,

236 1017 488 1104 prastaturos.
509 1004 561 1069 Et
581 1005 739 1070 civitates
762 1004 879 1069 socias
901 998 1043 1069 adesse:
1066 1015 1214 1070 cataras
1229 1006 1318 1084 satis

234 1115 341 1210 fidas
350 1141 362 1198 ,·
372 1111 467 1182 solos
479 1108 641 1180 Rhodios
643 1111 869 1204 fluctuantes
883 1125 920 1178 et
931 1108 1086 1179 imbutos
1100 1115 1225 1179 Persei
1235 1135 1318 1180 con-

245 1223 333 1294 siliis
361 1223 545 1292 invenisse.
575 1223 758 1289 Venerunt
783 1217 916 1288 Rhodii
940 1218 1045 1316 legati
1067 1220 1109 1289 ad
1130 1220 1318 1316 purganda

246 1359 306 1422 ea,
333 1357 414 1429 quaa
438 1330 546 1426 vulgo
568 1327 693 1422 jactari
717 1325 761 1398 de
780 1327 921 1398 civitate
938 1325 1124 1397 sciebant:
1149 1341 1318 1396 caeterum

247 1460 410 1516 senatum
429 1443 472 1512 iis
494 1435 607 1527 dari⁶‚
631 1429 755 1533 quum‘
773 1439 858 1508 novi
882 1436 1047 1508 consules
1071 1437 1315 1532 magistratum

247 1557 418 1638 inissent,
436 1551 581 1649 placuit.

296 1668 441 1735 XXVII.
464 1660 552 1730 Belli
575 1673 787 1756 apparatum
808 1683 884 1727 non
906 1656 1148 1729 disserendum
1167 1681 1318 1728 censue-

175 1799 179 1804 ·
246 1791 342 1847 runt.
361 1777 398 1842 C.
416 1772 554 1842 Licinio
571 1769 715 1866 praetori
732 1770 919 1864 negotium
935 1768 1059 1854 datur,
1078 1785 1119 1840 ut
1132 1793 1175 1839 ex
1191 1769 1318 1839 veteri·

247 1887 317 1957 bus
335 1877 679 1980 quinqueremibus,
697 1881 735 1948 in
752 1879 939 1950 navalibus
952 1884 1097 1949 Romae¹
1115 1877 1318 1967 subductis,

247 2023 329 2096 quae
356 2008 504 2093 possent
528 1992 611 2061 usui
636 2015 732 2079 esse,
758 1987 946 2078 reficeret,
973 2005 1187 2087 pararetque
1208 2013 1318 2060 naves

248 2103 523 2204 quinquaginta.
548 2100 691 2197 Siquid
715 2099 761 2170 ad
782 2124 867 2170 eum
884 2123 1077 2170 numerum
1096 2097 1318 2195 explendum

247 2219 403 2301 deesset,
425 2217 463 2284 C.
479 2213 651 2283 Memmio
672 2211 818 2308 collegae
835 2212 873 2279 in
893 2211 1045 2281 Siciliam
1064 2209 1257 2297 scriberet,
1276 2225 1320 2278 ut

248 2355 325 2416 eas,
345 2351 424 2424 quae
440 2327 478 2394 in
496 2323 612 2395 Sicilia
630 2347 737 2392 naves
754 2325 889 2410 esseni,
906 2319 1069 2392 reficeret
1085 2335 1194 2417 atque
1209 2343 1317 2416 expe-

248 2439 362 2524 diret,
390 2450 432 2506 ut
457 2432 685 2504 Brundisium
715 2434 835 2530 primo
862 2455 1010 2528 quoque
1035 2447 1200 2528 tempore
1226 2431 1320 2500 mitti

207 2561 210 2572 ’
248 2562 404 2646 possent.
427 2544 550 2615 Socios
569 2543 710 2613 navales
727 2541 887 2612 libertini
904 2541 1064 2612 ordinis²
1084 2543 1120 2611 in
1142 2543 1265 2638 viginti
1282 2557 1320 2611 et

247 2660 411 2756 quinque
430 2678 538 2724 naves
557 2677 601 2722 ex
619 2651 757 2722 civibus
775 2652 932 2721 romanis
953 2655 990 2722 C.
1007 2652 1165 2722 Licinius
1186 2667 1320 2748 praetor

247 2767 404 2840 scribere
415 2767 552 2861 jussus:
567 2765 605 2831 in
621 2763 784 2858 quinque
799 2776 836 2832 et
847 2762 973 2857 viginti
986 2785 1110 2858 parem
1123 2785 1320 2831 numerum

246 2887 313 2953 Cn.
336 2877 488 2949 Sicinius
515 2874 621 2945 sociis
644 2874 860 2970 imperaret:
881 2871 978 2942 idem
999 2887 1132 2969 praetor
1154 2871 1320 2968 peditum
1353 2963 1356 2968 Ι

248 3005 331 3062 octo
350 2985 478 3073 millia,
500 2981 782 3081 quadringentos
803 2984 942 3079 equites
965 3007 985 3053 a
1004 2983 1109 3053 sociis
1128 2983 1228 3052 latini
1250 3007 1320 3052 no-

248 3101 355 3170 minis
374 3097 542 3192 exigeret.
563 3100 668 3164 Hunc
683 3093 835 3164 militem
852 3095 916 3190 qui
930 3094 1109 3164 Brundisii
1123 3097 1320 3192 acciperet,

249 3228 357 3307 atque
380 3209 418 3277 in
441 3204 688 3276 Macedoniam
712 3206 889 3290 mitteret,
911 3208 950 3274 A.
975 3205 1100 3275 Atilius
1122 3209 1319 3294 Serranus,

250 3323 314 3420 qui
326 3320 447 3417 priore
462 3340 558 3385 anno
574 3330 707 3412 praetor
722 3313 861 3402 fuerat,
878 3314 1062 3411 deligitur:
1081 3319 1146 3385 Cn.
1166 3317 1320 3388 Sicinius

250 3446 392 3532 praetor,
413 3428 476 3525 qui
495 3427 692 3496 exercitum
712 3422 900 3522 paratum³
922 3425 967 3496 ad
988 3426 1237 3523 trajiciendum
1252 3427 1320 3498 ba-

288 3639 312 3685 5.
326 3637 458 3682 Eumenem
478 3631 503 3678 in
526 3647 572 3688 ea,
593 3631 669 3679 scilic.
690 3631 762 3694 Asia,
843 3633 904 3682 Cir.
915 3637 1022 3684 xxvtt.
1037 3651 1059 3682 t.
1071 3636 1194 3683 Veteribus
1205 3635 1321 3700 quinque

250 3716 367 3782 Pergami.
388 3741 422 3750 ·-
440 3714 470 3758 In
490 3709 664 3766 Alexandria,
684 3711 762 3759 scribe
807 3713 928 3772 remibus,
944 3713 968 3761 in
987 3715 1112 3762 navalibus
1129 3717 1211 3762 Romu
1229 3717 1319 3762 subdu-

251 3794 430 3848 Alexandria:
441 3792 520 3838 Gron.
531 3790 604 3838 Coni.
615 3791 762 3848 xxxvnl,
807 3791 866 3848 ctis;
882 3793 938 3840 vide
953 3794 985 3841 ad
997 3796 1051 3852 III,
1066 3797 1112 3852 26,
1124 3809 1150 3840 u.
1162 3795 1192 3853 6,
1210 3805 1234 3841 et
1243 3796 1320 3853 vm,

252 3882 285 3941 39
296 3911 303 3935 ‚
313 3893 338 3922 n.
355 3881 378 3928 4.
392 3872 456 3918 Mox
467 3869 530 3916 forte
541 3869 588 3932 leg.
602 3867 710 3915 civitates
723 3886 762 3916 so·
808 3872 855 3929 26,
866 3888 891 3919 n.
906 3888 928 3920 1.

250 3959 302 4006 cias
314 3952 395 4001 odisse
405 3967 430 3996 sc
442 3949 481 3996 vel
495 3966 553 3997 sese.
570 3948 618 3997 Sed
629 3949 678 3998 hoc
689 3965 763 4013 pron.
843 3965 868 3997 2.
883 3951 966 3998 Socios
987 3954 1086 4001 navales
1110 3952 1154 4000 lib.
1176 3953 1229 4001 ord.
1251 3954 1319 4001 coni.

251 4038 323 4086 etiam
333 4048 364 4079 ex
372 4045 460 4093 praece.
472 4029 581 4093 suppleri
591 4039 679 4092 potest.
709 4047 716 4059 ¹
808 4029 838 4076 ad
848 4031 908 4086 XL,
921 4033 951 4078 18
961 4065 968 4089 ,
979 4043 1002 4080 et
1013 4032 1045 4079 nd
1056 4035 1105 4092 tx,
1120 4035 1167 4090 38,
1182 4049 1207 4081 n.
1226 4050 1246 4082 1.

287 4116 312 4160 6.
325 4115 439 4157 Senatum
452 4108 480 4156 iis
495 4108 568 4162 duri:
581 4107 637 4156 vide
649 4125 721 4172 supra
732 4109 764 4156 ad
845 4111 867 4156 3.
882 4110 930 4172 Qui
947 4113 1078 4160 exercitum
1089 4125 1222 4176 paratum,
1240 4113 1319 4160 scribe

251 4195 327 4251 VIII,
343 4191 366 4248 5,
377 4205 402 4236 n.
418 4205 439 4234 1.
808 4205 856 4252 quo
867 4205 912 4253 pro
923 4191 966 4254 qni
970 4209 980 4248 ,·
989 4193 1065 4240 Gran.
1078 4191 1125 4240 Sed
1139 4193 1195 4256 qm',
1208 4209 1277 4256 aeque
1291 4211 1319 4242 ac
