2904 4960
136 418 262 532 tta:
385 439 535 505 traua
569 439 691 506 xau.
719 437 826 507 oar.
850 437 923 504 111.
1161 459 1184 530 9

156 563 219 628 ΙΙΙ.
249 555 388 628 Eodem
416 581 513 628 anno
539 557 625 628 aedis
650 559 802 629 Iunonis
828 557 1003 626 Laciniae¹
1032 554 1183 628 detecta.

111 671 153 758 Q.
172 667 321 738 Fulvius
339 667 486 739 Flaccus
504 691 634 738 censor
646 667 760 738 adem
773 672 963 738 Fortunae²
978 660 1183 762 Equestris,

109 801 222 876 quam
245 779 283 846 in
307 779 476 875 Hispania
502 791 636 874 praetor
657 776 756 848 bello
780 773 995 848 Celtiberico
1015 789 1183 858 voverat,

109 889 266 962 faciebat
292 889 394 960 eniso
418 887 559 975 studio,
584 913 631 960 ne
656 888 774 960 ullum
796 893 920 958 Romae
948 883 1103 983 amplius
1122 899 1186 956 aut

109 999 401 1096 magnificentius
416 999 595 1097 templum
611 1013 718 1070 esset.
738 1003 913 1094 Magnum
929 1009 1184 1066 ornamentum

107 1137 145 1183 se
163 1111 302 1208 templo
315 1125 415 1182 ratus
430 1109 673 1203 adjectorum,
693 1111 723 1180 si
741 1107 869 1206 tegulae
888 1101 1121 1177 marmoreae³
1136 1129 1186 1175 es·

107 1237 207 1309 seut,
227 1220 413 1318 profectus
428 1222 465 1292 in
480 1223 637 1292 Bruttios
651 1275 659 1308 ,
673 1221 785 1292 aedem
802 1219 956 1290 lunonis
972 1217 1125 1289 Laciniir¹
1139 1217 1185 1286 ad

107 1345 250 1427 partem
266 1329 450 1400 dimidiam
466 1329 618 1428 detegit,
636 1329 675 1400 id
691 1331 774 1400 satis
790 1328 868 1400 fore
882 1343 982 1400 ratus
999 1327 1045 1398 ad
1063 1341 1186 1424 tegen-

108 1440 217 1524 dum,
238 1440 340 1537 quod
360 1439 609 1510 aedificaretur.
633 1443 747 1510 Nares
768 1453 900 1536 paratae
921 1435 1087 1522 fuerunt,
1105 1461 1186 1533 quae

107 1549 282 1620 tollerent
301 1564 410 1646 atque
430 1547 700 1647 absportarent,
720 1550 932 1620 auctoritate
952 1537 1114 1617 censoria
1129 1571 1186 1616 so-

108 1661 174 1730 ciis
191 1659 372 1730 deterritis
387 1658 426 1728 id
438 1660 660 1754 sacrilegium
677 1658 885 1758 prohibere.
899 1663 1094 1753 Postquam
1109 1679 1187 1726 cen-

108 1793 171 1838 sor
186 1768 316 1854 rediit,
336 1769 484 1866 tegulae,
504 1773 673 1866 exposita*
692 1770 737 1840 de
757 1767 929 1853 navibus,
948 1766 993 1838 ad
1006 1767 1185 1864 templum

109 1876 364 1982 portabantur.
382 1882 621 1976 Quanquam,
638 1880 737 1952 unde
753 1893 889 1966 essent,
908 1876 1096 1962 silebatur,
1109 1902 1185 1947 non

109 2002 235 2058 tamen
247 1987 354 2058 celari
369 1989 498 2084 potuit.
513 1991 690 2060 Fremitus
706 1993 815 2086 igitur
829 1991 867 2060 in
882 1990 982 2060 curia
995 2003 1098 2060 ortus
1111 2002 1183 2060 est:

109 2123 156 2168 ex
176 2097 349 2168 omnibus
371 2097 536 2194 partibus
558 2099 829 2195 postulabatur,
850 2113 892 2170 ut
915 2097 1083 2170 consules
1106 2123 1185 2168 eam

107 2231 188 2278 rem
212 2205 255 2275 ad
281 2222 447 2276 senatum
467 2205 654 2280 referrent.
679 2215 728 2282 Ut
746 2235 833 2280 vero
856 2209 1045 2280 arcessitus
1062 2209 1100 2278 in
1122 2233 1185 2279 cu-

107 2317 202 2386 riam
217 2341 346 2386 censor
359 2318 477 2405 venit,
495 2318 612 2390 multo
626 2318 789 2392 infestius
808 2320 939 2418 singuli
954 2297 1186 2415 universique

109 2441 325 2524 praesentem
337 2427 510 2499 lacerare:
529 2431 718 2528 Templum
729 2435 1186 2528 augustissimumregionzs

109 2541 206 2632 esur,
230 2539 334 2635 quod
352 2565 426 2608 non
448 2541 634 2634 Pyrrhus,
659 2567 732 2612 non
757 2541 952 2612 Hannibal
966 2541 1182 2626 violassent,

110 2648 395 2746 violareparum
409 2649 597 2739 habiture,
611 2659 684 2722 nisi
694 2654 886 2756 detexisset
881 2651 1005 2742 foede,
1017 2677 1061 2721 ac
1065 2675 1186 2748 prope

111 2761 288 2830 diruisset.
304 2765 516 2832 Detractum
533 2762 674 2834 culmen
689 2763 840 2860 temple,
860 2763 1038 2832 nudatum
1056 2777 1184 2831 tectum

107 2883 238 2967 patere
249 2870 445 2942 imbribusl
451 2875 783 2969 putrcffuciendum.
803 2876 1009 2957 Censorem,
1026 2870 1186 2939 moribus

113 2979 278 3074 regendis
303 2997 484 3066 creatum,
507 2989 569 3052 cui
587 2999 687 3053 sarta
712 3000 804 3053 tecta
826 2989 970 3076 exigere
992 2987 1103 3050 saori's
1113 3005 1187 3078 pu·

115 3090 215 3160 blicis
236 3106 272 3158 et
286 3093 366 3160 loca
385 3089 546 3160 tuenda⁵
567 3117 667 3162 more
685 3095 866 3186 majorum
886 3091 1058 3160 traditum
1076 3107 1184 3174 esset,

148 3304 211 3352 Car.
222 3304 270 3350 111.
283 3318 306 3350 1.
318 3301 389 3350 AEdis
402 3303 506 3351 Iunonis
519 3301 629 3352 Lacinioe
673 3302 786 3358 xxvn,
801 3304 847 3361 36,
860 3317 885 3351 n.
896 3311 911 3358 4
922 3301 932 3367 )
942 3301 1061 3365 templum
1071 3305 1184 3349 Fortunae

113 3382 139 3428 in
150 3380 273 3446 Bruttiis(
283 3380 340 3428 vide
353 3381 385 3428 ad
398 3383 496 3441 XXIV,
507 3385 537 3440 3,
555 3399 580 3429 n.
592 3384 606 3429 3
618 3381 628 3446 )
672 3382 812 3445 Equorum,
824 3381 893 3446 quod
903 3379 1089 3447 oedifioaremra
1103 3397 1136 3428 so.

113 3461 228 3518 detecta,
242 3471 308 3508 tecto
318 3460 451 3523 etquidem
464 3462 552 3526 tegulis
566 3477 628 3509 mar·
709 3469 734 3516 4.
744 3461 873 3508 Nudatum
892 3449 980 3506 tectum
994 3470 1083 3522 patere
1102 3459 1185 3509 imbri·

115 3539 204 3588 moreis
214 3539 310 3603 prIvata
322 3538 368 3585 fuit
386 3555 399 3586 a
415 3540 502 3586 Fulvio
518 3557 628 3590 censore.
673 3539 820 3597 bus,malim
836 3539 956 3585 nudatum
971 3549 1049 3596 tecto,
1062 3539 1116 3586 scil.
1129 3549 1188 3586 tem·

116 3619 188 3667 eonf.
201 3635 273 3681 seqq.
672 3619 757 3682 plum,
774 3630 803 3667 ut
819 3620 934 3677 mn,
949 3625 981 3677 4,
999 3629 1024 3666 et
1041 3619 1119 3678 XLV,
1134 3621 1184 3666 28:

152 3714 178 3746 2.
188 3697 277 3744 AEdem
293 3697 409 3744 Fortuna
421 3699 564 3762 Equestris,
580 3709 628 3749 eto.
670 3715 728 3746 uam
736 3709 828 3747 tectum
838 3709 1010 3764 sempertpatet
1018 3699 1150 3758 Imbribus,
1162 3710 1186 3746 et

116 3776 172 3823 ride
182 3775 215 3822 ad
224 3777 270 3822 XL
281 3809 288 3832 ‚
298 3783 344 3833 40,
353 3791 379 3822 n.
391 3792 415 3836 7.
672 3777 809 3843 imponitur
825 3777 934 3826 aedificiis
952 3777 984 3826 ad
997 3777 1113 3825 arcendas
1130 3777 1187 3842 plu-

151 3856 176 3903 3.
190 3854 287 3918 Teguloe
306 3869 466 3910 marmoreaq
486 3857 574 3919 tegulae
593 3873 628 3904 ar·
672 3857 738 3915 vias,
752 3873 784 3904 ne
798 3856 1109 3922 lisputrescaut‚quaesub
1121 3867 1186 3904 teoto

115 3926 363 4002 geuteaemspauttu
378 3934 490 4003 ἀργυραῖ,
503 3936 570 3984 fuere
584 3939 629 3984 Ec·
673 3947 744 3994 sunt3
761 3937 825 3985 Duk.
846 3937 973 3984 Nudatum
992 3937 1079 4002 tegulis
1098 3947 1185 3983 tectum

114 4012 211 4060 hannis
219 4012 246 4060 in
255 4012 385 4060 Medorum
394 4013 458 4075 regia
465 4029 472 4070 ;
480 4013 530 4060 vid.
540 4015 629 4080 Polyb.
674 4025 712 4063 est
724 4015 830 4078 lignum,
842 4017 882 4063 oui
902 4017 989 4080 tegulae
1007 4016 1168 4080 imponuntur
1177 4051 1186 4073 ,

117 4093 157 4150 X,
174 4107 224 4157 27,
241 4091 259 4157 5
281 4107 312 4140 ιο
331 4103 355 4140 et
371 4091 486 4140 2.-1d
501 4093 562 4142 satis
569 4094 630 4158 fhre
674 4091 742 4157 quod
756 4094 970 4160 ptrtrffaciendum
988 4094 1113 4152 declarem
1127 4096 1185 4141 Em.

116 4183 184 4218 ratus
207 4172 245 4218 ad
259 4171 384 4235 tegendum
404 4170 516 4238 tegulis(
530 4173 583 4220 vide
597 4173 629 4220 ad
711 4173 734 4220 5.
746 4175 935 4230 &moremati
940 4186 1009 4222 sarta
1020 4186 1083 4222 tecta
1090 4175 1186 4236 exigere

385 4405 389 4436 l
