2904 4960
251 435 298 517 u
677 434 717 499 τ.
748 435 886 500 mvn
1173 413 1300 514 tit:

250 552 445 624 audissent.
468 551 719 622 Samothraca
731 567 917 649 praterea
933 577 1004 649 per
1021 553 1153 624 multos
1172 553 1249 624 dies
1265 579 1329 626 oc·

250 661 387 734 cultum
411 661 600 732 consilium
629 686 711 736 cum
739 661 980 757 legationibus
1008 667 1205 738 ciuitatium
1223 668 1329 736 Asiae

251 797 370 868 regem
388 771 570 842 habuisse.
592 776 666 844 Pro
690 771 747 843 iiis
770 775 911 868 injuriis
934 779 1023 845 satis
1032 777 1143 870 ficri,
1159 793 1329 848 senaatm

251 907 401 979 oequum
415 907 577 968 censere,
595 883 772 979 reddique
788 883 861 954 sibi
871 907 929 954 res
938 890 1118 981 sociisque
1129 891 1220 972 suis,
1234 912 1330 983 quas

249 1007 376 1064 contra
381 995 448 1088 jus
454 993 611 1084 foederts
629 993 772 1064 lubeat.
792 999 927 1089 Regem
940 995 994 1064 ad
1004 1019 1050 1066 ea
1056 1000 1183 1092 primo
1198 1021 1329 1068 accen-

248 1129 330 1174 sum
346 1110 402 1174 ira
422 1103 655 1176 inclementer
664 1103 855 1198 loquutum
864 1159 875 1192 ,
893 1109 1086 1176 avaritiam
1099 1105 1328 1204 superbiam·

249 1239 322 1312 que
339 1221 514 1286 Romanis
532 1215 760 1310 objicientem
767 1217 1005 1312 frequentem
1024 1214 1127 1311 quod
1139 1214 1207 1286 alii
1219 1240 1334 1313 saper

250 1322 342 1394 alios
369 1323 480 1420 legati
502 1329 671 1394 uenirent
692 1324 875 1422 speculari
881 1321 895 1368 ³
923 1326 1021 1396 dicta
1033 1327 1217 1423 factaque
1236 1351 1331 1413 sua,

251 1433 354 1528 quod
367 1458 407 1503 se
425 1432 479 1504 ad
495 1449 625 1504 nutum
644 1440 909 1532 imperiumque
926 1459 1054 1506 eorum
1070 1442 1195 1508 omnia
1211 1437 1332 1508 dicere

250 1565 296 1611 ac
308 1543 441 1632 facere
468 1566 618 1640 aquam
644 1561 837 1616 censerent.
864 1551 1053 1646 Postremo
1065 1601 1076 1632 ,
1105 1545 1258 1618 multum
1284 1573 1332 1618 ac

250 1653 316 1723 diu
330 1655 590 1744 cooperatum,
609 1661 892 1752 revertipostero
906 1655 966 1724 die
970 1657 1135 1749 jussisse.
1150 1659 1330 1754 Scriptum

251 1787 291 1834 se
308 1789 519 1862 responsum
536 1765 635 1836 darc
657 1765 763 1836 velle.
794 1770 886 1835 Tum
909 1771 960 1835 ita
981 1765 1054 1836 sibi
1067 1773 1240 1864 scriptum
1259 1784 1332 1838 tra·

251 1874 368 1946 ditum
382 1899 482 1946 esse:
498 1876 653 1962 Foedus,
669 1901 751 1946 curn
761 1891 870 1972 patre
886 1881 1015 1962 ictum,
1033 1877 1137 1948 adse
1147 1876 1332 1974 niltilper-

253 1988 375 2054 tinere.
394 1984 444 2053 Id
456 2009 497 2054 se
511 1991 694 2072 renovari,
713 2009 788 2058 non
803 1990 892 2082 quia
899 1985 1094 2082 probaret,
1110 1987 1179 2056 sed
1188 1993 1278 2084 quia
1292 1993 1331 2058 in

253 2117 346 2162 noua
365 2101 594 2190 possessione
619 2101 722 2192 regni
734 2095 917 2192 patienda
942 2101 1067 2166 omnia
1086 2111 1220 2182 essent,
1235 2123 1331 2193 pas-

251 2229 343 2274 sum.
360 2207 401 2274 Si
412 2206 678 2296 novumsoedus
694 2231 817 2278 secum
823 2207 956 2295 facere
972 2205 1124 2291 uellent,
1143 2211 1333 2276 convenire

246 2321 352 2411 prius
365 2317 412 2386 de
427 2317 694 2388 conditionibus
711 2317 928 2404 debere;·et,
947 2322 981 2386 si
992 2322 1030 2384 in
1044 2321 1210 2387 animum
1227 2316 1334 2386 indu·

251 2443 387 2514 carent,
406 2444 510 2498 utcu
527 2451 636 2524 oequo
642 2427 774 2518 fadus
782 2428 911 2522 fieret,
931 2441 1021 2496 etse
1037 2432 1224 2512 vr'surum,
1241 2425 1337 2522 quid

251 2536 553 2626 sibifaciundum
572 2554 681 2624 esset,
701 2553 739 2608 et
754 2536 834 2608 illos
851 2536 997 2606 credere
1016 2534 1227 2632 reipublicae
1244 2560 1333 2604 con-

252 2646 419 2718 sulturos.
434 2651 559 2745 Atque
576 2654 628 2718 ita
647 2674 686 2719 se
699 2652 940 2745 proripuisse,
963 2663 1001 2716 et
1014 2647 1221 2717 submoveri
1239 2671 1260 2716 e
1275 2671 1334 2716 re-

249 2762 314 2852 gia
339 2783 463 2828 omnes
488 2775 629 2856 coeptos.
663 2764 755 2828 Tum
780 2783 820 2829 sc
843 2763 1043 2830 amicitiam
1067 2774 1104 2828 et
1124 2763 1334 2828 societatem

252 2873 487 2940 renuntiasse.
510 2871 595 2959 Qua
609 2892 700 2938 uoce
716 2893 800 2938 eum
816 2893 1008 2938 accensum
1025 2873 1209 2952 restitisse,
1223 2883 1335 2964 atque

252 2999 343 3048 voce
360 2978 461 3048 clara
480 2978 712 3049 denuntiasse
728 2978 816 3066 sibi,
841 2996 883 3049 ut
898 2979 1016 3050 triduo
1033 2986 1137 3074 regni
1151 2985 1212 3049 sui
1229 2979 1334 3048 dece·

252 3089 380 3158 derent
386 3089 542 3186 finibus.
563 3095 623 3160 Ita
639 3115 678 3160 sc
691 3092 896 3188 profectos‚·
914 3113 980 3160 nec
997 3087 1085 3176 sibi,
1107 3103 1175 3159 aut
1186 3094 1335 3160 venien·

253 3199 364 3286 tibus,
382 3199 450 3272 aut
464 3199 712 3287 manentibus,
731 3201 936 3300 quidquam
953 3195 1183 3296 hospitaliter
1193 3213 1266 3268 aut·
1274 3198 1334 3269 be·

254 3313 362 3406 aigne
371 3311 533 3399 sactum.
553 3307 715 3380 Thessali
733 3309 864 3380 deindo
881 3308 1062 3406 AEtolique
1079 3307 1187 3406 legati
1208 3307 1333 3378 auditi.

253 3421 421 3508 Senatui,
448 3434 491 3491 ut
516 3421 651 3492 scirent
674 3445 783 3516 quam
812 3421 996 3517 primum,
1022 3417 1157 3516 quibus
1178 3415 1336 3492 ducibus

252 3557 360 3602 usura
387 3529 592 3629 respublica
619 3544 733 3617 esset,
760 3521 881 3604 literas
905 3532 999 3602 mitti
1022 3527 1233 3602 consulibus
1254 3529 1332 3628 pla-

255 3721 310 3766 AEn.
322 3720 346 3776 1,
357 3718 404 3774 30,
418 3731 482 3775 2²⁰3
495 3718 532 3776 11,
548 3732 571 3776 7.
581 3741 617 3752 -·
626 3713 770 3762 Samothra·
814 3714 904 3780 legitur
915 3713 1099 3770 Samothraca,-
1113 3727 1187 3776 quam
1195 3710 1333 3784 'lamonem

254 3796 361 3853 σω,ιίίί
369 3793 708 3858 Samothracioe3etquidcm
717 3794 770 3842 haeo
814 3795 898 3841 multis
921 3794 985 3840 Livii
1004 3793 1067 3840 locis
1085 3803 1111 3840 ot
1133 3791 1212 3855 ipsam
1242 3788 1334 3837 firmata·

255 3879 333 3925 forma
353 3875 415 3924 inim
441 3874 549 3923 occurrit
569 3889 624 3938 cop.
651 3873 685 3922 50
704 3873 769 3922 med.
814 3871 1039 3937 probatDrak.ad
1052 3871 1166 3920 aton.

253 3955 451 4004 Samothraciam
462 3953 568 4002 aliamve
579 3969 655 4019 quam
665 3953 770 4002 insulam
852 3953 876 4000 ³.
890 3950 979 4016 Legati
992 3951 1107 3999 venirent
1119 3948 1256 4014 speculari,
1271 3948 1336 3994 lone

251 4048 335 4101 petere
347 4036 380 4082 ab
390 4034 515 4083 Romanis.
528 4035 568 4083 Sic
577 4034 650 4083 ctiam
659 4035 739 4093 XLV,
753 4051 768 4082 2
817 4029 1030 4095 speculaturi-[lla
1045 4029 1123 4078 dictio
1136 4029 1266 4091 frequens,
1276 4026 1335 4076 aad.

255 4116 321 4164 med.
342 4114 480 4162 existimari
496 4113 695 4162 Samothraciam
706 4113 772 4179 peti·
816 4113 843 4159 ni
862 4110 945 4167 fallor,
961 4110 1042 4174 poetic
1059 4119 1171 4165 tantum,
1188 4109 1274 4154 Graeca
1291 4121 1333 4154 ex-

226 4257 228 4266 ,
256 4208 344 4244 tarrac.
359 4195 392 4243 At
406 4194 432 4245 in
446 4194 562 4249 omnibus
576 4194 700 4246 cautibus
713 4193 770 4244 edd.
816 4187 986 4260 parientibus.
