2904 4960
137 382 259 496 taut:
375 403 458 470 us.
483 403 590 470 xnu.
618 403 713 472 car.
733 403 809 470 vu.
829 403 922 470 vln.
1139 423 1178 498 ¹7

107 523 175 596 ubi
188 524 318 596 consu]
332 523 444 608 vidit,
460 522 561 594 nulla
576 539 677 620 parte
694 519 856 594 moveri³
872 523 1045 620 Ligurum
1061 526 1181 622 signa,

106 635 264 731 imperat
287 632 492 730 equitibus,
518 649 560 703 ut
587 657 702 729 equos
726 631 989 717 conscendant,
1007 659 1048 706 ac
1065 633 1182 708 tribus

107 745 217 818 simul
235 744 397 843 partibus
414 745 453 813 in
472 740 615 832 hostes,
634 757 770 840 quanto
790 743 946 814 maximo
967 761 1115 841 possent
1131 762 1183 818 tu-
1254 800 1259 810 „

106 857 250 944 multu,
267 857 465 926 incurrant.
491 860 576 926 Pars
599 851 729 952 'magna
754 856 918 950 equitum
938 855 1090 925 mediam
1109 872 1183 928 tra-

105 967 194 1062 jecit
213 967 349 1053 aciem,
375 981 411 1036 et
438 963 483 1034 ad
510 979 610 1060 terga
633 965 873 1061 pugnantium
900 967 1065 1062 pervasit.
1093 967 1183 1038 Inde

107 1093 229 1148 terror
252 1078 408 1170 injectus
432 1073 651 1172 Liguribus:
681 1075 811 1144 diversi
840 1073 877 1142 in
909 1098 1035 1146 omnes
1065 1091 1183 1179 partes

108 1185 327 1284 fugerunt43
345 1187 518 1282 perpauci
542 1200 640 1254 retro
664 1185 701 1252 in
724 1183 922 1281 oppidum,
942 1187 1028 1282 quia
1046 1182 1129 1258 inde
1147 1213 1184 1260 se

108 1298 266 1368 maxime
285 1294 469 1389 objecerat
482 1318 594 1390 eques
607 1321 617 1381 3
634 1309 670 1364 et
684 1317 806 1391 pugna
823 1307 897 1363 tam
915 1297 1082 1391 pervicax
1096 1296 1186 1366 mul-

107 1424 167 1478 tos
181 1407 433 1504 absumpserat
444 1407 637 1500 Ligurum,
652 1418 688 1474 et
701 1406 739 1474 in
753 1402 838 1499 fuga
851 1406 982 1500 passim
995 1407 1075 1476 caesi
1089 1423 1183 1478 sunt.

108 1524 245 1589 Decem
268 1516 381 1588 millia
403 1516 594 1586 hominum
617 1539 706 1584 caesa
725 1514 938 1604 traduntur;
957 1516 1110 1613 amplius
1129 1542 1185 1588 se-

108 1627 292 1724 ptingenti
306 1625 437 1723 passim
452 1625 546 1722 capti
561 1653 569 1693 ε
586 1626 687 1720 signa
698 1625 865 1694 militaria
877 1624 988 1694 relata
1004 1629 1186 1724 octoginta

108 1736 197 1806 duo.
224 1740 300 1808 Nec
322 1735 510 1805 incruenta
533 1735 683 1804 victoria
704 1731 793 1803 fuit:
813 1734 967 1830 amplius
989 1736 1056 1806 tria
1076 1737 1185 1808 millia

107 1847 268 1918 militum
284 1846 431 1932 a1nissa3
454 1868 588 1939 quum,
610 1842 821 1914 cedentibus
840 1845 997 1933 neutris,
1019 1863 1185 1943 exparte

108 1973 267 2054 utraque
286 1957 462 2054 primores
483 1953 661 2024 caderent.

157 2071 254 2136 VIII.
277 2070 363 2136 Post
386 2065 479 2135 hanc
503 2089 662 2162 pugnam
681 2091 725 2136 ex
748 2065 888 2137 diversa
907 2065 992 2164 Iuga
1013 2065 1051 2136 in
1069 2093 1184 2139 unum

109 2177 275 2248 collecti¹
301 2177 471 2271 Ligures,
496 2199 609 2271 quum
634 2177 808 2270 majorem
833 2177 949 2248 multo
974 2193 1113 2275 partem
1134 2181 1186 2249 ci·

108 2290 212 2358 vium
226 2288 410 2374 amissam,
426 2311 536 2382 quam
551 2309 758 2383 superesse,
778 2301 967 2358 cernerent
983 2296 1073 2384 (nec
1089 2291 1186 2359 enim

109 2399 194 2496 plus
212 2397 338 2468 decem
357 2397 469 2466 millia
486 2396 676 2465 hominum
696 2396 842 2491 erant),
857 2396 1075 2468 dediderunt
1090 2424 1184 2490 sese;

109 2508 202 2578 nihil
220 2506 368 2605 quidem
386 2505 438 2576 illi
455 2507 560 2604 pacti.
581 2511 819 2603 speraverant
834 2522 976 2594 tamen,
997 2533 1072 2578 non
1091 2524 1185 2579 atro·

110 2622 211 2706 cius,
237 2642 346 2716 quam
374 2619 579 2714 superiores
606 2618 865 2714 imperatores,
887 2617 1072 2688 consulem
1091 2621 1127 2688 in
1148 2645 1185 2690 se

110 2731 331 2800 saeviturum.
357 2730 402 2798 At
426 2727 486 2798 ille
511 2751 610 2797 arma
633 2725 804 2796 omnibus
829 2726 983 2812 ademit,
1007 2727 1183 2826 oppidum

110 2840 244 2926 diruit,
263 2840 361 2936 ipsos
379 2837 549 2934 bonaque
568 2861 694 2908 eorum
718 2837 898 2924 vendidit;
917 2838 1110 2936 literasque
1129 2865 1184 2910 se-

10 2983 15 3006 »
111 2952 211 3021 natui
225 2948 271 3019 de
286 2946 396 3019 rebus
411 2947 456 3017 ab
472 2973 508 3018 se
523 2949 630 3043 gestis
644 2949 749 3016 misit.
764 2949 862 3035 Quas
877 2971 992 3041 quum
1009 2952 1046 3016 Α.
1061 2949 1185 3020 Atilius

110 3077 246 3158 praetor
270 3061 308 3128 in
332 3059 431 3128 curia
453 3059 635 3127 recitasset
658 3056 765 3151 (nam
789 3053 917 3124 consul
940 3054 1030 3124 alter
1055 3059 1184 3127 Postu·

110 3171 225 3256 mins,
252 3169 346 3265 agris
367 3164 670 3264 recognoscendis
690 3165 736 3250 in
750 3164 945 3260 Campania
965 3157 1182 3265 occupatus,

111 3279 268 3375 aberat),
282 3293 385 3348 atrox
400 3301 458 3347 res
472 3277 546 3348 visa
563 3275 721 3346 senatui:
738 3273 951 3347 Statiellates
959 3328 970 3362 ‚
986 3282 1053 3372 qui
1061 3285 1127 3347 uni
1136 3304 1184 3349 ex

111 3396 286 3487 Ligurum
296 3403 403 3484 gente
417 3412 491 3457 non
508 3385 672 3458 tulissent
681 3411 786 3456 arma
800 3385 970 3455 adversus
983 3391 1182 3477 Romanos,

147 3579 173 3626 3.
187 3576 263 3640 Quod
278 3575 320 3623 ubi
335 3576 421 3624 consul
431 3574 550 3632 vidic,...
571 3590 624 3620 mo·
667 3589 719 3620 cem
738 3557 953 3620 millia'tominum
966 3585 1054 3630 erant;
1068 3577 1135 3622 oonI.
1151 3577 1182 3624 ad

114 3657 178 3714 veri,-
187 3655 244 3703 vide
256 3655 288 3702 ad
296 3656 348 3713 VI,
361 3657 389 3712 8,
399 3671 425 3703 n.
440 3671 464 3702 2.
667 3655 739 3710 xm,
757 3667 786 3698 12
797 3685 804 3709 ‚
815 3668 842 3699 n.
860 3653 883 3698 3.
903 3651 1024 3699 Observat
1041 3654 1183 3716 Creverius,

148 3744 174 3792 Ι..
187 3734 284 3782 Diversi
304 3733 329 3780 in
350 3749 432 3781 omnes
448 3743 534 3796 partes
549 3731 623 3796 firge-
669 3731 707 3778 vel
719 3731 761 3779 hic
773 3747 901 3780 numerum
910 3733 977 3792 justo
986 3733 1106 3792 majorem
1115 3751 1184 3795 esee,

113 3827 185 3871 rune,·
197 3813 257 3862 vide
270 3813 302 3860 ad
312 3815 364 3872 111,
375 3814 422 3870 60,
436 3827 462 3858 n.
480 3827 503 3858 ι.
669 3811 709 3858 vel
718 3825 846 3858 numerum
857 3826 974 3858 caesorum
984 3811 1012 3858 in
1022 3829 1103 3876 pugna
1115 3814 1182 3874 justo

148 3895 209 3944 Car.
221 3895 293 3940 v111.
309 3908 333 3939 1.
348 3894 389 3938 Ea
407 3890 502 3938 diversa
511 3887 581 3953 suga
600 3888 624 3935 in
669 3891 788 3937 minorem
797 3906 804 3948 ;
813 3889 840 3936 in
849 3892 962 3954 proxime
972 3891 1036 3936 enim
1045 3893 1184 3955 praeceden-

115 3989 187 4020 unum
200 3989 222 4020 c.
234 3971 287 4018 vid.
297 3973 351 4029 111,
366 3971 413 4028 60,
426 3986 453 4016 n.
470 3985 480 4016 1
493 3969 622 4025 ;xxv11,
670 3969 736 4016 tibus
747 3969 841 4016 dictum
851 3985 914 4024 esse,
927 3969 1071 4016 Statiellates
1083 3972 1110 4018 in
1119 3987 1183 4036 praa·

117 4055 161 4112 39,
177 4069 204 4100 n.
228 4067 253 4098 a.
271 4076 307 4086 -
319 4049 432 4114 Ligures,
452 4064 505 4096 non
524 4064 625 4104 omnes,
669 4047 704 4095 lio
723 4048 800 4096 multo
816 4050 932 4108 majorem
951 4049 1041 4096 civium
1056 4067 1183 4098 numerum

116 4131 157 4177 sed
169 4129 322 4179 Statiellates.
334 4156 369 4166 -
379 4129 430 4174 Nec
442 4127 504 4174 enim
514 4127 571 4190 plns
584 4126 625 4173 de·
670 4127 793 4187 amisisse,
804 4145 875 4190 quam
888 4129 932 4191 qui
946 4141 1091 4192 superesset.
1103 4131 1148 4176 Er.

214 4219 316 4285 VIII.
1018 4243 1036 4282 a
