2904 4960
136 413 265 512 ata:
381 435 531 502 urana
563 433 820 502 amicae.
849 390 985 500 aas
1138 433 1182 526 37

108 551 195 640 luit,
214 568 292 624 tota
312 554 356 626 ad
375 557 490 626 imum
504 553 658 626 fulmine
672 552 831 626 discussa
851 568 914 624 est.
932 559 983 626 Ea
1001 577 1076 642 res,
1096 578 1183 652 pro·

106 662 195 762 digit
214 663 298 736 loco
317 664 459 752 habita,
476 664 522 738 ad
539 680 705 766 senatum
718 665 830 736 relata
843 680 908 738 est.
924 669 1044 736 Patres
1059 663 1104 736 ad
1125 665 1186 737 ha-

104 775 269 870 ruspices
292 772 450 864 referre,
471 791 508 848 et
533 773 756 846 decemviros
781 775 880 846 adire
907 773 1045 848 libros²
1067 777 1183 872 jusse-

104 897 203 953 runt.
222 886 446 974 Decemviri,
470 885 699 957 lustrandum
718 884 894 983 oppidum
905 882 932 974 ³,
950 886 1184 984 supplicatio·

105 1018 189 1063 nem
206 993 570 1092 obsecrationemque
585 994 806 1082 habendam,
821 997 973 1069 victimis
985 993 1185 1092 majoribus

96 1102 380 1176 'sacrificandum
399 1121 436 1178 et
452 1107 489 1176 in
514 1105 693 1204 Capitolio
716 1113 859 1192 Romae,
878 1109 970 1178 etin
989 1109 1185 1206 Campania

105 1213 152 1284 ad
170 1215 342 1286 Minervae
362 1218 681 1313 promontorium,
698 1218 972 1304 renuntiarunt3
990 1215 1097 1288 ludos
1118 1241 1185 1314 per

107 1323 235 1430 decem
256 1323 333 1396 dies
355 1327 435 1397 Iovi
456 1327 604 1424 Optimo
629 1329 788 1398 Maximo
806 1327 927 1423 primo
955 1350 1104 1423 quoque
1125 1325 1185 1397 die

107 1430 316 1505 faciendos:
336 1459 377 1506 ea
397 1437 520 1508 omnia
543 1459 628 1506 cum
652 1461 740 1507 cura
764 1433 868 1508 facta.
891 1438 1125 1534 Haruspices,
1146 1438 1184 1507 in

104 1541 249 1614 bonum
269 1547 486 1616 versurum⁴
505 1545 542 1616 id
561 1546 790 1644 prodigium,
813 1546 1129 1646 prolationemque
1143 1547 1184 1617 fi-

105 1655 210 1724 nium
231 1668 269 1726 et
289 1655 474 1726 interitum
493 1654 761 1753 perduellium⁵
781 1655 971 1754 portendi,
991 1655 1184 1754 responde·

101 1779 213 1851 ruut3
230 1765 333 1860 quod
351 1790 395 1836 ex
410 1765 576 1836 hostibus
595 1766 710 1864 spolia
723 1765 876 1838 fuissent
893 1791 935 1838 ea
947 1781 1084 1854 rostra,
1101 1789 1182 1862 quae

102 1885 301 1970 tempestas
330 1873 536 1970 disjecisset„
566 1880 824 1966 Accesserant,
847 1901 929 1976 quae
955 1877 1183 1948 cumularent

102 1982 298 2080 religiones
331 1986 468 2054 animis.
501 1988 699 2074 Saturniae,
731 1989 937 2060 nuntiatum
972 2003 1068 2077 erat,
1099 2013 1181 2058 san-

103 2094 215 2190 guine
235 2115 303 2189 per
322 2092 484 2166 triduum
498 2095 537 2164 in
552 2095 691 2193 oppido
706 2097 862 2193 pluisse:
880 2097 1022 2168 Calatiae
1039 2099 1181 2168 asinum

102 2201 285 2300 tripedem
306 2219 452 2293 natum,
473 2220 510 2276 et
524 2220 671 2276 taurum
688 2232 772 2278 eum
787 2210 952 2306 quinque
970 2211 1085 2280 vaccis
1105 2235 1181 2279 uno

103 2315 176 2384 ictu
189 2311 354 2386 fulminis
368 2318 588 2386 exanimatos
597 2343 604 2386 ε
613 2319 759 2388 Auximi
772 2333 867 2388 terra
880 2319 1025 2415 pluisse.
1041 2325 1180 2390 Horum
1200 2323 1203 2330 “

104 2448 255 2521 quoque
278 2424 528 2522 prodigiorum
547 2430 654 2498 causa
673 2452 730 2498 res
750 2427 879 2497 divinae
902 2426 1020 2514 factae,
1043 2444 1079 2500 et
1101 2453 1181 2526 sup-

104 2534 250 2631 plicatio
270 2559 386 2606 unum
403 2535 498 2606 diem
516 2535 686 2634 serieque
700 2535 840 2608 habite.

104 2755 135 2800 lio
149 2751 265 2808 consule,
280 2752 334 2809 eui,
350 2765 396 2801 etc.
411 2765 436 2802 et
449 2755 518 2818 Pigb.
533 2755 558 2801 in
572 2756 619 2802 Ca·
665 2772 720 2820 cap.
742 2757 775 2803 36
794 2771 832 2818 pr.
851 2753 883 2800 de
901 2764 952 2800 tota
968 2753 1036 2801 Urbe
1049 2753 1113 2812 diei,
1127 2769 1179 2801 mo·

98 2833 186 2898 pitolio
198 2833 236 2880 M.
243 2831 351 2889 AEms'ls'i,
358 2833 443 2896 priore
453 2834 515 2882 bello
525 2833 618 2882 Punico
663 2845 705 2882 net
718 2833 793 2881 Dralt.
805 2831 1056 2896 -Supplieacs'onm
1069 2833 1180 2879 obseura·
1249 2847 1252 2852 ·

103 2911 216 2960 consulis.
233 2938 269 2948 -
279 2911 400 2960 Caeterum
411 2913 485 2973 hujus
498 2913 619 2962 columnae
664 2913 821 2977 sionensque,·
832 2911 891 2959 vide
903 2911 936 2958 ad
950 2913 1003 2973 111,
1018 2911 1064 2967 63,
1079 2927 1104 2958 n.
1118 2928 1179 2958 a.-

102 3002 213 3040 rostsatae
225 2990 293 3038 nulla
301 2991 348 3038 alis
359 3002 439 3040 exstet
450 2992 580 3051 memoria,
591 3003 619 3039 ut
662 2993 859 3061 Sarn'fieandum
874 3004 924 3040 et...
935 2995 1019 3039 Remea
1029 3003 1054 3038 et
1068 2992 1093 3038 in
1106 2993 1179 3040 Cam-

101 3074 148 3132 jem
167 3072 269 3119 Crever.
289 3069 360 3118 vidit.
373 3069 547 3134 Triumpbesse
561 3071 618 3117 illos
660 3073 755 3136 panis,
768 3083 815 3118 etc.
825 3071 883 3118 vide
899 3071 931 3118 ad
946 3073 1036 3128 XXII,
1053 3087 1118 3129 r,n.
1136 3073 1178 3120 25.

102 3151 218 3204 eonsules
235 3149 266 3196 de
285 3149 367 3196 Poenis
384 3159 409 3196 et
429 3148 619 3197 Comumnsibus
699 3159 723 3207 l..
734 3155 765 3198 In
776 3152 866 3198 bonum
877 3167 1020 3209 uersurum,¹
1031 3152 1089 3200 vide
1100 3153 1132 3200 ed
1142 3155 1180 3212 11,

103 3231 167 3278 Fasti
178 3229 261 3293 Capit.
270 3239 343 3276 testes
353 3240 419 3278 sunt.
427 3229 493 3276 Vide
502 3243 576 3292 supra
587 3228 618 3276 ad
665 3233 695 3288 3,
708 3247 734 3279 u.
748 3247 774 3280 a.

103 3311 203 3368 xV111,
218 3325 272 3372 cap.
287 3311 392 3364 41.En.
698 3310 723 3358 5.
737 3309 867 3356 Interitum
878 3309 1058 3374 perduellium,⁸
1077 3310 1133 3360 vide
1146 3312 1178 3360 ad

137 3405 162 3436 2.
173 3387 327 3437 Decemviros
337 3387 407 3436 adire
418 3387 492 3436 libros
499 3407 509 3445 ;
521 3387 618 3436 vidend
662 3391 689 3448 1,
702 3389 752 3448 26,
771 3405 797 3438 n.
812 3397 836 3444 4.
851 3415 887 3426 --
897 3390 940 3436 Ex
958 3388 1065 3436 hostibus
1080 3390 1161 3453 spolia
1168 3425 1177 3448 ‚

103 3471 151 3526 111,
167 3483 215 3524 ιο,
226 3485 254 3516 n.
265 3469 293 3516 6.
662 3469 773 3528 hostilia;
785 3468 842 3517 vide
853 3469 885 3517 ad
894 3469 1005 3527 XXXV,
1020 3470 1050 3516 32
1060 3503 1068 3528 ,
1077 3485 1103 3516 n.
1114 3470 1177 3517 3.—

138 3549 161 3598 3.
172 3547 339 3596 Lustrandum
358 3547 491 3611 oppidume
511 3547 618 3596 vidend
662 3550 825 3596 Accesserant
845 3547 972 3612 prodigia,
991 3565 1047 3611 quse
1066 3550 1178 3597 curnula·

103 3629 234 3686 XXXIX,
248 3643 296 3685 aa,
314 3643 339 3674 n.
351 3628 375 3674 3.
388 3629 435 3675 Eu.
448 3626 618 3692 -Oppidum
662 3639 718 3675 rent
728 3627 856 3693 religiones
865 3626 955 3674 animis
962 3644 972 3682 ,·
984 3627 1040 3674 vide
1050 3628 1082 3676 ad
1091 3630 1123 3686 V,
1134 3631 1177 3688 ad,

103 3708 198 3768 quoties
210 3706 292 3770 simpl.
306 3717 468 3766 memoretur,
479 3705 617 3770 intelligen-
661 3725 689 3758 u.
707 3708 731 3756 8.
742 3735 778 3746 -
788 3707 912 3772 Sanguine
921 3723 967 3772 per
986 3707 1109 3766 triduum,
1129 3723 1175 3759 etc.

104 3785 161 3834 dum
176 3803 230 3834 esse
247 3787 352 3834 Romam
369 3786 494 3848 antiquam
515 3785 617 3834 Romuli
660 3787 796 3846 videndi,
807 3789 891 3849 31‚n.
908 3803 931 3835 1.
948 3814 983 3826 -
996 3788 1102 3836 Auximi
1110 3800 1176 3836 terra

105 3867 141 3912 vel
153 3865 316 3929 quadratam,
329 3866 357 3913 iu
369 3876 453 3914 monte
466 3866 578 3914 Palatino
591 3877 616 3913 et
655 3866 764 3932 pluisses
777 3866 850 3926 hujus
869 3867 936 3916 urbis
955 3883 1047 3916 nomen
1059 3870 1175 3916 oximum

105 3945 235 4010 dregione
244 3945 319 3992 Urbis
328 3945 452 3994 eonditum
461 3977 468 4003 ‚
478 3945 551 3993 docet
561 3945 616 3992 Sce-
660 3945 720 3994 olim
733 3945 893 3997 scribebatur.
906 3947 968 4006 Sed,
982 3959 1011 3996 ut
1020 3959 1091 3996 notet
1101 3948 1175 3996 Drsk.

104 4023 163 4087 liger
182 4025 209 4072 in
223 4024 341 4089 Append.
358 4025 494 4084 conjectari.
509 4026 536 4071 in
545 4026 616 4072 Varr.
661 4027 732 4084 XLI,
752 4027 828 4090 aa‚§
845 4043 890 4085 aa,
908 4043 993 4075 verum
1011 4026 1063 4087 ejus
1086 4043 1176 4074 nomen

105 4103 172 4166 ling.
185 4107 237 4152 Lat.
250 4105 348 4170 pass.
362 4107 398 4152 lta
409 4103 526 4168 oppidum
539 4104 617 4166 accipi
662 4105 797 4152 Auximum
819 4123 887 4165 esse,
908 4108 1005 4156 monuit
1029 4097 1099 4155 Cluv.
1122 4108 1175 4155 ltsl.

106 4197 174 4248 posse
190 4185 270 4240 xiv,
291 4185 333 4244 16,
355 4199 380 4232 n.
403 4184 432 4240 53
451 4183 493 4231 sed
511 4183 537 4231 lt.
557 4184 572 4230 l.
594 4194 618 4230 et
664 4187 726 4234 Ant.
738 4190 845 4250 Il,pag.
862 4189 920 4248 737.
930 4187 994 4236 Vide
1007 4187 1078 4234 etiarn
1090 4185 1177 4234 Cellar.
