2904 4960
139 429 265 532 stu:
314 451 407 518 Lm.
434 450 557 518 an.
587 449 695 516 ese.
723 449 870 515 xxin.
898 449 1040 516 xxiv.
1141 451 1182 532 bt

111 574 219 645 haud
235 571 409 667 ambiguo
433 576 552 668 eapite
561 569 718 659 foederis
735 566 941 654 deterreri³‚
964 593 1037 665 quo
1057 570 1188 640 diserte

110 699 279 754 vetentur
292 705 374 752 oum
388 685 493 752 sociis
507 678 641 776 populi
656 685 802 748 romani
818 677 950 748 bellum
963 703 1097 773 gerere.
1116 681 1190 751 Sed

99 797 186 888 jam
216 793 311 863 ultra
339 790 548 890 superbiam
582 788 903 885 crudelitatemque
932 805 969 858 et
993 796 1186 862 avaritiam

109 907 187 998 sy'm
207 929 280 972 non
289 908 379 1000 pati
384 925 497 999 posse
515 899 840 994 Carthaginienses.
859 903 991 969 Missos
1009 924 1101 984 esse,
1120 908 1188 997 qui

109 1029 257 1084 onerent
272 1028 459 1095 senatum,
480 1027 521 1082 ut
536 1015 645 1080 trium
663 1009 797 1080 harum
814 1031 934 1080 rerum
951 1033 1064 1080 unum
1080 1009 1129 1082 ab
1147 1036 1186 1080 se

109 1131 299 1222 impetrari
313 1130 492 1194 sinerent:
511 1135 552 1191 ut
566 1120 631 1191 uel
644 1145 693 1190 en
712 1141 821 1216 aequo
837 1119 943 1217 apud
958 1125 1097 1193 socium
1111 1145 1183 1217 po-

100 1237 256 1332 pulum,
281 1236 375 1334 quid
400 1236 575 1331 cujusque
600 1249 709 1318 esset,
737 1233 999 1329 deceptarum
1021 1233 1086 1303 uel
1097 1259 1182 1330 per-

107 1352 290 1416 mitterent
302 1344 674 1441 Carthaginiensibus,
690 1360 733 1414 ut
744 1344 915 1414 adversm
928 1346 1062 1439 injusta
1076 1369 1183 1416 arma

102 1463 169 1553 pio
177 1460 355 1554 justoque
371 1481 411 1526 se
429 1471 632 1525 tutarentur
653 1453 791 1542 bello‘·,·
812 1455 877 1525 vel
890 1457 944 1524 ad
958 1472 1180 1543 extremum,

105 1575 140 1638 si
149 1573 273 1664 gratia
281 1567 384 1664 plus,
403 1591 517 1664 quam
530 1572 685 1651 ueritas,
702 1567 807 1663 apud
819 1589 880 1636 eos
894 1564 1052 1652 ualeret,
1070 1568 1187 1638 semel

104 1693 318 1765 statuerent,
346 1678 440 1774 quid
461 1677 638 1748 donatum
659 1701 707 1746 en
730 1676 852 1747 alieno
878 1682 1087 1748 Masinissae¹
1101 1677 1182 1748 vel-

105 1789 189 1858 lent.
219 1789 420 1858 Modestius
442 1803 535 1857 certe
558 1788 709 1858 daturos
735 1813 815 1874 eos,
845 1803 881 1858 et
901 1794 1068 1867 scituros,
1091 1790 1184 1885 quid

104 1900 318 1970 dedissent:
339 1905 456 1996 ipsum
476 1898 636 1986 nullum,
650 1915 905 1996 prseterquam
924 1923 1002 1970 sua
1021 1899 1181 1970 libidinis

103 2009 277 2092 arbitrio,
293 2011 416 2104 finem
431 2010 635 2099 facturum.
664 2013 806 2080 Horum
834 2015 868 2078 si
893 2009 988 2079 nihil
1009 2015 1181 2107 impetra-

103 2133 201 2205 rent,
225 2135 263 2188 et
279 2117 434 2215 aliquod
453 2143 560 2188 suurn
569 2135 661 2216 post
674 2119 801 2188 datam
820 2145 845 2188 a
862 2125 904 2189 P.
926 2124 1094 2218 Scipione
1102 2145 1180 2218 pa-

103 2253 182 2299 oem
199 2229 370 2299 delictum
387 2245 496 2316 esset,
514 2235 586 2326 ipsi
588 2235 716 2326 potius
732 2229 1060 2300 animadverterent
1076 2237 1177 2301 inse.

107 2345 237 2410 Tutum
260 2345 463 2410 seruitutem
480 2366 520 2410 se
534 2341 604 2410 sub
626 2339 783 2409 dominis
801 2343 981 2425 romanis,
999 2365 1111 2437 quem
1137 2342 1179 2412 li-

102 2447 287 2520 ber-tatemv
308 2455 511 2546 expositam
541 2451 595 2520 ad
621 2452 773 2544 injurias
801 2453 1026 2538 Masinissae,
1044 2450 1175 2522 'malle

100 2565 227 2630 Perire
255 2585 416 2656 namque
442 2560 557 2632 semel
584 2566 670 2657 ipsis
700 2566 814 2630 satius
842 2585 938 2644 esse,
968 2585 1081 2656 quarn
1108 2561 1176 2632 sub

100 2669 327 2740 acerbissimi
355 2672 535 2764 carnificis
562 2670 712 2740 arbitrio
738 2677 904 2768 spiritum
930 2672 1080 2741 ducere:
1100 2672 1176 2742 Sub

100 2779 177 2850 haec
196 2779 292 2852 dicta
310 2780 544 2878 lacrymantes
563 2782 860 2880 procubuerunt;
880 2785 1053 2880 stratique
1074 2784 1176 2856 humi

99 2889 263 2962 nonsibi
280 2891 393 2986 magis
407 2891 708 2980 misericordiam,
727 2918 838 2989 quam
855 2896 932 2991 regi
944 2889 959 2934 ⁵
973 2894 998 2964 *.

148 3004 279 3070 XXIV.
307 3003 525 3099 Interrogavi
551 3003 744 3073 Gulussam
774 3004 931 3100 placuit,
953 3005 1048 3102 quid..
1066 3005 1111 3076 ad
1135 3030 1176 3077 ea

97 3109 354 3209 responderet,
373 3129 454 3202 aut,
473 3115 502 3184 si
517 3114 619 3212 prius
638 3111 780 3202 mallet,
800 3132 1046 3214 expromeret,
1066 3141 1176 3214 super

98 3246 173 3317 qua
190 3247 230 3292 re
252 3225 406 3295 Romam
432 3225 597 3295 venisset.
622 3223 796 3310 Gulussa,
822 3230 953 3322 Neque
973 3226 1046 3297 sibi
1056 3228 1176 3317 facile
1200 3281 1203 3286 -

98 3355 194 3414 esse,
219 3332 329 3420 dixit,
348 3335 395 3404 de
414 3339 456 3406 iis
475 3335 583 3405 rebus
599 3359 723 3430 agere,
744 3333 935 3434 dequibus
953 3336 1049 3405 nihil
1065 3363 1171 3408 man-

97 3441 178 3512 dati
191 3459 338 3540 epatre
362 3445 533 3533 baberet;
553 3470 671 3542 neque
684 3451 791 3544 patri
800 3445 921 3536 facile
926 3447 1048 3536 fuisse
1066 3475 1173 3520 man-

97 3547 207 3636 dere,
234 3577 348 3650 quum
377 3556 712 3650 Carthaginienses,
743 3581 809 3626 neo
833 3556 880 3626 de
898 3583 973 3654 qua
994 3583 1033 3627 re
1056 3565 1175 3632 acturi

131 3783 155 3832 3.
168 3783 296 3833 Prohiberi
308 3797 383 3836 entra
392 3786 456 3852 finos
468 3786 555 3852 affirm
567 3807 610 3837 ar·
655 3795 681 3852 1,
699 3809 745 3854 nn,
757 3809 782 3840 n.
801 3793 826 3839 6.
840 3819 875 3830 -
886 3794 967 3855 Quam
986 3796 1098 3856 ueritati
1112 3800 1169 3848 vide

96 3877 173 3908 na...
202 3863 282 3926 sapite
294 3864 399 3930 sedens
415 3867 546 3926 meeum,
562 3881 609 3920 eto.
654 3872 684 3920 sd
706 3873 1170 3936 11‚48,n.2.-ttodostus;vide

95 3940 609 4006 eundum-unmmetum
653 3951 813 4010 Μαι.
830 3969 853 4012 q.
954 3937 961 3946 “

95 4018 186 4070 missos·
199 4037 269 4078 sese;
293 4024 371 4072 Genu.
392 4037 434 4074 aut
452 4042 503 4074 sese
522 4028 606 4078 missos
687 4030 712 4078 5.
728 4032 786 4078 Non
806 4031 854 4080 sibi
866 4034 944 4098 magis
958 4035 1164 4095 misericordiam,

96 4101 249 4156 essest-ak.
651 4123 725 4172 quom
746 4110 812 4175 regi:
834 4111 1001 4172 adjiciendum
1024 4116 1087 4164 forte
1107 4117 1166 4168 invi-

132 4185 155 4231 t.
166 4179 212 4231 Pio
216 4179 336 4248 justoque
345 4199 371 4230 se
382 4195 400 4234 t.
414 4184 494 4243 bello‚·
504 4186 561 4238 vide
573 4188 604 4236 sd
649 4187 719 4245 diam
729 4191 885 4242 concitarunt
890 4211 901 4251 ,·
911 4193 995 4258 Sigon..
