2904 4960
268 441 313 521 a
699 441 739 506 r.
767 440 895 506 nvn
1188 419 1312 520 titt:

230 601 234 610 ι
268 577 399 645 essent,
416 585 480 630 nec
495 565 642 629 omnino
660 567 771 630 ituros
786 586 824 630 se
840 565 1014 644 Romam,
1032 561 1275 631 indicaverint.
1295 567 1340 630 In

268 669 348 738 cede
371 669 575 766 AEsculapii
599 669 861 740 clandestinum
889 695 949 740 eos
966 695 1041 767 per
1063 671 1205 768 aliquot
1221 687 1341 742 noctes
1441 701 1442 724 ³

268 779 457 849 consilium
464 785 681 881 principum
689 779 881 866 babuisse,
903 781 1000 850 unde
1010 795 1190 876 praterea
1206 779 1341 875 legatos

269 889 414 960 occultis
427 915 515 959 'cum
536 891 721 959 mandatis
739 879 895 960 Romam
915 896 1040 960 minu.
1052 921 1056 928 ·
1068 895 1166 960 Eam
1190 915 1341 962 eausam

256 1002 377 1090 fuisse
389 1007 495 1098 patri
511 1000 677 1069 mittendi
694 1025 733 1070 se
749 981 924 1086 Romam,
944 1007 1012 1098 qui
1024 1000 1277 1097 deprecaretur
1288 1025 1341 1070 se-

269 1127 415 1196 natum,
438 1135 485 1182 ne
508 1110 601 1206 quid
618 1111 870 1181 communibus
893 1117 1045 1182 inimicis
1069 1109 1341 1182 criminantibus

218 1229 223 1238 '
268 1245 307 1289 se
337 1220 536 1304 crederent,
568 1245 676 1316 quem
700 1221 747 1290 ob
773 1220 913 1291 nullam
938 1220 1052 1291 altam
1077 1245 1246 1305 causam,
1274 1228 1345 1292 nisi

260 1343 416 1424 propter
435 1343 658 1399 constantem
673 1331 796 1424 fidem
820 1355 907 1426 erga
920 1333 1103 1427 populum
1123 1355 1340 1416 romanum,

270 1439 436 1510 odissent.
452 1440 514 1508 His
528 1455 725 1535 utrumque
745 1439 896 1527 auditis,
912 1456 1073 1526 senatus,
1092 1441 1138 1512 de
1154 1441 1342 1539 postulatis
1382 1435 1385 1444 ⁴

270 1550 617 1646 Carthaginiensium
641 1550 846 1633 consultus,
871 1550 1092 1648 respondere
1117 1552 1190 1628 ita²
1212 1551 1340 1645 jussit:

275 1659 469 1730 Gulussam
485 1659 634 1757 placere
655 1660 836 1757 externplo
858 1667 896 1730 in
913 1662 1130 1734 Numidiam
1139 1663 1339 1758 proficisci,
1442 1657 1443 1668 ἶ

270 1787 306 1840 et
320 1777 489 1842 nuntiare
497 1777 618 1870 patri,
636 1787 677 1842 ut
687 1772 734 1841 de
747 1777 804 1858 iis,
820 1771 1011 1868 dequibus
1029 1772 1342 1866 Carthaginienses

271 1895 479 1977 querantur,
500 1882 635 1977 legatos
648 1907 767 1978 ¹quarn
778 1889 940 1978 primam
956 1882 1009 1954 ad
1023 1899 1188 1954 senatum
1209 1888 1344 1968 mittat,

269 1991 526 2089 denuntietque
547 1993 922 2088 Carthaginiensibus,
944 2009 985 2062 ut
1004 1994 1057 2064 acl
1070 1993 1344 2090 disceptandum

272 2107 431 2172 veniant.
454 2105 495 2172 Si
509 2100 654 2199 aliquid
659 2119 814 2199 possent
828 2109 1037 2174 Masinissa
1050 2104 1198 2174 lionoris
1214 2129 1344 2188 causa,

272 2229 308 2282 et
322 2214 459 2302 secisse
488 2230 525 2282 et
539 2199 710 2303 facturos
740 2224 843 2284 esse':
864 2215 931 2309 jus
956 2220 1088 2310 gratia
1114 2210 1215 2284 non³
1243 2215 1343 2287 dare.

272 2328 433 2419 Agrum,
457 2351 532 2422 qua
553 2328 727 2423 cujusque
742 2333 803 2413 sit,
819 2327 1005 2423 Jiossideri
1023 2324 1136 2408 velle‚·
1153 2350 1220 2394 nec·
1236 2349 1345 2396 nouos

271 2450 427 2504 statuere
429 2437 548 2529 fines,
565 2435 633 2505 sed
642 2438 780 2508 ueteres
794 2436 991 2522 observari,
1008 2442 1045 2506 in
1060 2441 1184 2505 animo
1198 2434 1344 2506 babere.

276 2545 632 2639 Carthaginiensibus
649 2553 753 2644 victis
768 2572 807 2617 se
826 2563 863 2616 et
878 2546 984 2616 urbes
993 2597 1003 2632 ,
1028 2561 1064 2615 et
1074 2571 1180 2641 agros
1196 2569 1346 2616 conces
1443 2615 1444 2624 ,

272 2663 359 2728 sisse
365 2686 377 2744 ;
391 2683 463 2727 non
479 2674 520 2727 ut
534 2664 571 2727 in
581 2685 680 2756 pace
693 2666 872 2756 eriperent
881 2683 952 2753 per
966 2659 1155 2751 injuriam,
1170 2658 1348 2752 quoejure
1443 2729 1444 2748 χ

310 2839 371 2886 Car.
385 2841 481 2887 XXIV.
496 2856 520 2889 1.
538 2841 607 2888 Unde
614 2854 738 2905 praterea
753 2843 787 2887 le·
831 2839 916 2905 gratia
925 2840 995 2904 plus,
1014 2856 1089 2902 quam
1106 2838 1210 2895 veritas,
1226 2837 1297 2901 apud
1308 2854 1349 2884 eos
1443 2879 1444 2906 3

271 2930 345 2982 gatos
360 2919 460 2966 occultis
476 2937 531 2967 cum
546 2921 669 2968 ntandatis
687 2923 790 2966 Romam
833 2917 945 2975 valeret,
956 2930 1036 2982 patet,
1047 2919 1192 2966 sententiam
1202 2917 1350 2964 horumven

275 2998 353 3058 mitti,
370 2999 440 3048 locus
453 3001 527 3050 lacer.
538 3001 636 3050 Placuit
649 3001 789 3048 addendum
833 2997 922 3046 borum
937 3014 1003 3056 esse,
1019 2998 1075 3061 plus
1089 2997 1156 3061 apud
1169 3014 1195 3043 se
1206 2998 1247 3056 jus
1260 2997 1350 3044 valitu-

273 3079 375 3140 pntabat
384 3082 421 3126 vir
437 3079 523 3128 doctus
536 3081 568 3128 ad
585 3095 661 3144 marg.
674 3079 714 3128 ed.
729 3081 789 3130 Gur.
834 3095 901 3136 rum,
915 3095 989 3144 quam
1008 3079 1126 3142 gratiam
1140 3095 1164 3125 se
1180 3078 1263 3141 gratiae
1277 3093 1351 3125 causa

274 3157 331 3214 inde
342 3174 368 3204 se
383 3158 446 3205 nihil
455 3159 566 3216 audisse,
578 3170 745 3222 praterquom
758 3159 788 3205 le-
807 3156 809 3166 '
834 3173 885 3206 non
903 3158 1039 3205 violaturos
1051 3159 1106 3218 jus,
1123 3167 1165 3204 aut
1181 3158 1293 3219 cuiquam
1309 3158 1351 3216 jus

270 3248 355 3300 gatos,
367 3249 414 3285 etc.
425 3237 489 3287 Cler.
499 3239 556 3285 inde
570 3237 633 3284 nibil
642 3253 785 3294 emanasse,
832 3249 977 3301 negaturos;
1000 3237 1086 3284 omnia-
1100 3236 1164 3297 juri,
1183 3235 1246 3282 nihil
1267 3235 1351 3298 gratiae

272 3329 437 3381 preterquam
448 3318 555 3382 legatos,
567 3328 613 3366 etc.
628 3316 789 3372 Drak-Au-
833 3317 933 3368 daturos
947 3333 1013 3376 csse,
1024 3315 1089 3362 an.
1101 3343 1134 3352 -
1144 3317 1204 3366 Haec
1213 3315 1287 3362 verba
1295 3313 1352 3381 ‚jus

275 3396 373 3455 dacter,
396 3397 438 3445 sed
464 3413 515 3444 non
542 3397 600 3446 satis
626 3396 789 3460 probabiliter
830 3395 922 3460 gratia
941 3412 991 3442 non
1013 3395 1088 3452 dare,
1112 3394 1259 3442 obscuritate
1282 3394 1353 3442 labo-

274 3475 340 3524 hunc
352 3478 434 3525 locum
443 3479 517 3524 Doer.
529 3477 561 3523 ita
574 3474 684 3539 refingit:
691 3485 789 3540 patrem
834 3485 903 3533 rant,
922 3491 977 3538 quae
998 3485 1138 3531 evanescet,
1158 3474 1179 3520 si
1193 3473 1280 3536 legeris
1294 3489 1353 3520 cum

275 3558 419 3622 comperisse
438 3568 552 3604 tantum:
566 3555 591 3603 in
610 3555 664 3603 ade
678 3555 790 3604 AEscula-
834 3553 900 3606 Frid.
911 3553 1010 3604 Jacobs.
1025 3553 1092 3618 apud
1109 3552 1190 3602 Goell.
1208 3567 1264 3616 pag.
1283 3561 1352 3610 too,

273 3637 349 3701 pii...
364 3637 428 3684 ande
434 3646 567 3700 prasentes
579 3635 712 3699 legatos...
727 3633 791 3681 mitti
829 3632 872 3698 jus
880 3633 973 3698 gratia
981 3649 1030 3680 non
1036 3631 1157 3696 prodere,
1171 3643 1196 3678 et
1204 3631 1256 3679 bl.
1267 3647 1353 3679 sensns

274 3717 379 3781 placuit.
388 3719 436 3765 En.
835 3711 894 3760 liet:
908 3715 939 3760 Et
955 3724 1006 3759 tum
1027 3711 1143 3774 gratiam,
1155 3727 1203 3774 qua
1220 3711 1354 3758 Masinissa

281 3839 285 3845 ,
313 3792 790 3859 α.Ησεροηᾰενείτα]“ιιεείι,εο.ρτωῑο-
836 3791 902 3856 apud
919 3793 1046 3838 Romanos
1064 3789 1174 3844 floreret,
1189 3803 1241 3836 non
1256 3801 1354 3838 tanturn

278 3891 328 3923 rem
351 3874 472 3921 urbanum
486 3873 562 3937 (nam
586 3873 698 3920 consules
723 3883 792 3920 erant
836 3868 1355 3934 valituram,ntproptereajnsprodeteat-

278 3955 389 4001 absentes
399 3951 425 4016 ),
436 3953 476 4000 vel
487 3969 542 4001 eum
552 3955 595 4016 qui
608 3963 719 4001 senatum
732 3969 791 4000 con·
837 3967 884 4013 que
896 3950 989 3996 violare
1005 3949 1160 3996 sustinerent.
1170 3949 1354 3997 En-Vetems

279 4033 400 4080 suluerat:
414 4031 461 4078 nisi
478 4033 525 4096 leg.
544 4032 685 4097 responderi
692 4051 703 4088 ;
716 4030 790 4078 Drak.
837 4029 973 4085 observari,
990 4030 1063 4076 immo
1082 4029 1224 4084 observare,·
1238 4029 1353 4074 Gronov.

317 4113 340 4158 3.
352 4111 493 4174 Jasgratiee
501 4127 549 4158 non
561 4111 675 4160 daretex
685 4129 714 4159 eo
724 4111 793 4174 quod
837 4109 909 4156 Conl.
925 4119 1005 4155 tamen
1018 4107 1092 4156 Drali.
1107 4107 1138 4154 ad
1152 4110 1204 4163 111,
1221 4107 1271 4159 51,
1287 4109 1355 4153 ιώ.

280 4191 364 4248 Poeni,
382 4205 437 4254 cap.
453 4193 499 4249 aii,
514 4191 538 4238 in
558 4204 641 4240 senatu
660 4192 760 4252 dicunt,
772 4191 794 4237 si
839 4217 873 4226 -
882 4188 985 4252 Regulus
995 4205 1004 4244 ,·
1016 4187 1070 4235 vide
1085 4186 1116 4234 ad
1128 4189 1139 4233 i
1149 4219 1157 4243 ,
1169 4187 1215 4246 39,
1230 4201 1254 4232 n.
1266 4201 1290 4230 a.
