2904 4960
561 153 564 162 ’
645 173 651 200 a

142 356 203 454 aa:
219 355 268 468 3333
383 375 537 442 maan
569 375 694 442 xnln
718 375 824 442 cap.
850 373 912 441 vl.
1146 372 1186 443 15

117 493 350 570 Ptolemaeum
367 491 586 564 renovanda
600 493 764 582 amioitiae
777 515 883 564 causa
896 491 1077 591 proficisci
1088 495 1190 590 jussi.

117 606 240 702 Legati
264 617 367 674 erant
392 603 452 690 hi,
483 607 523 676 C.
548 603 736 692 Valerius,
769 605 835 677 Cn.
862 603 1027 678 Lutatius
1054 610 1190 696 Cerco,

118 717 160 804 Q.
185 713 326 785 Baebius
345 713 472 801 Sulca,
489 718 537 784 M.
559 713 750 786 Connelius
766 713 986 803 Mammula,
1007 719 1056 786 Μ.
1081 719 1191 788 Caeci·

116 825 184 896 lius
206 830 357 900 Denter.
384 829 429 896 Et
453 825 497 895 ab
521 824 703 896 Antiocho
723 847 809 920 rege
834 823 903 896 sub
929 823 1027 896 idem
1048 839 1191 924 tempus

116 936 224 1032 legati
242 949 442 1022 venerunt3
464 959 622 1032 quorum
644 936 814 1032 princeps
827 933 1061 1031 Apollonius,
1081 937 1120 1006 in
1141 961 1192 1008 se·

116 1061 243 1119 natum
261 1045 509 1132 introductus,
526 1045 650 1118 multis
661 1046 841 1141 justisque
859 1035 975 1116 causis
993 1068 1117 1141 regem
1135 1071 1192 1118 ex-

115 1157 275 1242 cuneavit,
292 1157 396 1253 qaod
407 1157 625 1253 sn'pendium
639 1162 754 1226 serius
766 1156 895 1252 quoad
909 1156 1027 1226 diem‘*
1036 1173 1193 1252 praesta·

115 1285 178 1340 ret.
202 1269 254 1338 Id
271 1291 440 1339 seomne
461 1267 667 1353 advexisse,
689 1291 736 1336 ne
758 1268 881 1360 eujm,
908 1271 981 1336 πίει·
1004 1272 1190 1362 temporis,

111 1383 235 1474 gratia
249 1384 326 1473 regi
322 1379 445 1474 fieret.
456 1383 605 1450 Donum
606 1392 789 1473 praeterea
803 1377 954 1466 affine,
969 1401 1063 1446 vasa
1077 1401 1192 1446 aurea

114 1493 354 1585 quingentum
361 1488 504 1586 pondo.
520 1493 648 1558 Petere
665 1509 802 1582 regem,
821 1502 877 1572 ut,
893 1509 978 1582 quae
993 1510 1075 1556 cum
1081 1504 1193 1583 patre

113 1623 182 1668 suo
199 1604 353 1670 soccatos
372 1613 484 1694 atque
503 1603 665 1668 amicitia
673 1599 827 1687 suaset,
844 1620 891 1666 ea
907 1620 1029 1666 seeum
1047 1621 1194 1667 renova·

114 1725 232 1792 retum
249 1715 513 1806 imperaretque
527 1706 767 1804 sz'ba'populus
785 1731 977 1791 romanus,
993 1729 1079 1802 quae
1098 1705 1193 1777 bono

105 1817 290 1915 fidelique
316 1823 413 1891 socio
443 1825 519 1914 regi
546 1834 663 1888 essent
687 1817 911 1914 imperanda.
939 1819 985 1886 Se
1012 1815 1112 1886 nullo
1138 1842 1194 1886 us-

115 1955 230 2027 quam
259 1946 480 2000 eessaturum
507 1931 641 2023 officio.
672 1933 731 2000 Ea
759 1935 888 1999 merita
918 1934 955 1998 in
980 1953 1019 1998 se
1045 1943 1193 1998 senatus

103 2043 245 2130 suanae,
265 2065 378 2136 quum
397 2045 524 2110 Romae
535 2057 651 2123 esset,
667 2065 750 2110 eam
765 2047 970 2110 comitatem
974 2042 1191 2133 juventutis,

115 2167 159 2221 ut
166 2175 240 2248 pro
260 2174 364 2244 rege,
387 2175 461 2220 raon
478 2175 553 2247 pro
570 2150 714 2254 obodae,
730 2149 899 2220 omnibus
916 2148 1104 2219 ordinibus
1105 2152 1194 2240 fue-

114 2265 172 2330 rit.
192 2261 335 2356 Legatis
351 2257 510 2357 benigne
527 2284 743 2358 responsum
756 2256 782 2344 ⁵,
804 2275 841 2330 et
858 2260 1067 2330 societatem
1084 2284 1192 2330 reno-

115 2393 202 2440 vare
215 2393 300 2440 cum
311 2369 510 2457 Antiocho,
524 2393 695 2466 quaecum
706 2385 807 2468 patre
824 2369 902 2464 ejus
916 2367 1047 2455 fuerat,
1063 2372 1104 2436 Α.
1117 2371 1193 2441 Ati-

116 2479 188 2549 lius
206 2493 339 2576 praetor
353 2479 514 2550 urbanus
528 2481 661 2575 jussus.
678 2484 883 2570 Quaestores
905 2477 1036 2549 urbani
1056 2480 1193 2576 stipen-

19 2623 20 2628 1
117 2589 331 2676 dium‚vasa
339 2613 446 2660 aurea
455 2615 622 2662 censores
631 2591 997 2689 acceperunt3eisque
1005 2591 1191 2686 negotium

118 2699 243 2770 datum
265 2715 337 2780 est,
351 2715 393 2770 ut
411 2715 590 2797 ponerent
609 2727 670 2787 ea,
687 2704 724 2771 in
741 2701 874 2798 quibus
893 2700 1037 2798 templis
1052 2699 1193 2771 videre-

118 2824 200 2878 tur:
219 2809 410 2906 legatoque
429 2827 572 2882 centum
593 2813 743 2883 millium
769 2813 846 2881 aeris
865 2835 1000 2881 munus
1022 2811 1193 2896 missum,

19 2905 20 2912 ἵ
119 2933 156 2988 et
174 2916 269 2988 aedes
287 2917 408 2989 liberae
430 2919 587 3018 hospitio
607 2920 734 3006 datae⁶‚
753 2937 993 3017 sumptusque
1013 2920 1195 3006 decretus,

119 3105 191 3150 ream
200 3093 259 3140 vide
268 3093 299 3140 ad
307 3095 371 3142 xxl
379 3095 427 3152 ‚6,
436 3111 463 3142 n.
475 3093 580 3150 tae-Cn.
590 3097 636 3141 Lu·
679 3111 711 3142 ex
727 3092 863 3142 rationibus
876 3094 997 3152 Crever5i3
1017 3094 1059 3156 qui
1077 3105 1193 3157 praeterea

120 3172 196 3220 tacitas
209 3173 299 3229 Cerno,
313 3173 378 3221 forte
391 3173 417 3222 0.
428 3175 484 3221 Lut.
498 3172 539 3230 0.,·
549 3173 634 3237 Sigon.
679 3173 711 3220 ad
727 3172 794 3222 huno
806 3173 888 3222 locum
906 3184 977 3222 notat
992 3173 1088 3220 Livium
1105 3176 1193 3237 procul

154 3261 179 3308 4.
188 3251 271 3299 Serius
281 3253 366 3315 quoad
376 3253 441 3300 diem
448 3271 459 3310 ‚·
471 3255 546 3300 immo
559 3253 640 3302 serim·
679 3252 757 3302 dubio
770 3269 898 3302 nnmerum
908 3267 1022 3300 vasorum
1035 3253 1193 3316 apposuisse,

120 3347 195 3393 quam
204 3329 242 3376 ad
249 3329 330 3386 diem
341 3331 405 3380 nuk.
416 3367 423 3390 ‚
434 3335 512 3382 Gron.
524 3344 549 3380 et
558 3333 633 3380 Drak·
678 3349 750 3396 quem
763 3333 919 3380 librarlorum
930 3331 1025 3380 incuria
1034 3334 1114 3394 perire
1123 3349 1193 3396 passa

120 3411 162 3470 qui
173 3408 279 3467 docent,
291 3411 378 3473 quoad
386 3427 434 3474 pro
447 3423 567 3475 quantum
581 3414 632 3469 ad,
678 3424 722 3462 eet.
733 3415 796 3472 Mox
803 3424 899 3460 eentum
909 3411 987 3459 millia
995 3412 1052 3458 aeris
1059 3411 1124 3458 idem
1134 3415 1195 3462 ani·

120 3489 189 3551 quod
199 3488 290 3536 actim
302 3489 350 3546 ad,
363 3490 429 3555 apud
441 3491 533 3554 probos
543 3491 633 3555 linguae
677 3503 728 3539 mat
744 3493 831 3540 marcia
849 3492 944 3555 argenti
961 3490 1111 3538 nostratibus
1126 3492 1191 3550 156,

120 3567 201 3616 latinae
210 3569 345 3632 eefiptores
354 3584 405 3616 non
414 3585 541 3618 occurrere
549 3606 556 3628 ,
564 3570 633 3618 ideo·
676 3572 757 3620 unciis
768 3589 793 3619 n.
802 3574 847 3619 En.

120 3661 168 3709 qne
181 3647 250 3712 apud
262 3647 342 3695 Plaut.
356 3649 444 3698 Pseud.
455 3653 495 3708 11,
506 3665 520 3696 a
530 3685 537 3708 ‚
547 3667 572 3697 v.
583 3667 632 3713 29,
713 3651 737 3698 5.
748 3649 847 3716 Legatis
856 3649 957 3714 benagne
964 3665 1117 3713 responsum,
1129 3650 1193 3698 sone

119 3727 166 3790 leg.
184 3741 262 3790 quam
275 3728 312 3776 ad
319 3745 329 3785 ;
342 3729 409 3792 apud
418 3731 489 3778 Varr.
509 3729 579 3793 Ling.
591 3730 633 3778 lat.
680 3731 773 3795 legato,
787 3730 840 3779 scil.
856 3729 1008 3794 Apollonio,
1022 3730 1065 3792 qui
1082 3729 1149 3776 solua
1165 3730 1192 3777 in

119 3807 182 3861 vll,
194 3809 227 3855 23
237 3840 244 3864 ‚
255 3818 280 3854 et
289 3810 326 3856 Re
336 3809 407 3856 nun.
417 3811 445 3866 1,
457 3824 486 3871 9,
497 3825 522 3856 a.
534 3809 557 3868 5,
568 3811 637 3873 quod
679 3820 790 3858 senatum
807 3809 887 3857 fuerat
903 3809 1067 3859 introductus.
1085 3810 1150 3857 llino
1167 3821 1192 3858 et
1267 3852 1270 3864 ,

120 3884 164 3934 ad.
176 3887 249 3936 Conf.
260 3888 345 3935 Vorat.
356 3888 387 3935 de
399 3889 477 3936 latin.
491 3905 550 3937 mer.
563 3905 631 3954 susp.
679 3903 738 3936 mox
756 3889 886 3953 legatoque
905 3899 1001 3938 coneum
1018 3888 1120 3936 millium
1137 3889 1193 3936 (eris

119 3979 174 4029 cap.
189 3967 233 4014 32.
247 3993 282 4001 -
299 3969 365 4014 Vasa
381 3983 458 4013 aurea
476 3968 633 4032 quingentmn
679 3983 764 4014 munus
773 3969 879 4016 missum.
890 3969 963 4018 Conf.
973 3985 998 4016 n.
1010 3970 1034 4018 6.

116 4043 202 4106 pondo
209 4063 221 4101 ,·
242 4045 375 4108 quingenta
397 4046 482 4108 pondo
503 4047 556 4094 auri
578 4059 635 4096 aunt
715 4049 739 4095 62
750 4047 825 4096 AEdes
839 4048 921 4096 Iiberoe
934 4047 1037 4112 hospitio
1052 4047 1130 4104 datoe,
1144 4058 1193 4095 eto.

120 4139 208 4174 maret
222 4127 277 4175 auri
294 4136 414 4175 nostram
429 4127 494 4187 781,
509 4128 588 4175 unciae
603 4143 632 4188 π,
679 4127 736 4176 vide
747 4127 778 4175 ad
792 4129 889 4188 XXIV,
900 4143 925 4190 7,
936 4143 963 4177 n.
977 4128 1009 4186 3,
1023 4139 1047 4176 et
1060 4129 1192 4186 xxvffl,
