2904 4960
234 460 236 464 ’
264 469 303 513 12
689 451 727 516 r.
763 449 902 518 mvn
1178 425 1304 541 ῧῑὲῑέξξῑ

259 563 494 663 tionibusque
509 570 581 639 suis
593 566 620 655 ³,
634 583 670 640 et
687 567 848 642 Thessali
861 567 990 664 legati,
1006 567 1234 654 nuntianteS,
1250 593 1332 665 quae

258 675 296 742 in
314 676 528 746 Macedonia
546 693 767 776 gererentur.

307 789 348 856 V.
377 790 547 875 Perseus,
570 789 643 884 jam
669 789 805 861 bellum
834 790 916 858 vivo
944 803 1047 886 patre
1073 789 1270 884 cogitatum
1292 789 1332 858 in

257 897 379 966 animo
401 897 571 986 volvens,
596 923 743 983 omnes,
766 925 842 970 non
862 911 988 996 gentes
1010 899 1331 984 m0d01Graeciae,

257 1005 321 1076 sed
334 1008 493 1079 civitates
508 1011 632 1098 etiarn,
646 1009 886 1108 legationibus
900 1008 1108 1094 mittendis,
1123 1007 1332 1104 pollicendo

256 1115 381 1212 plura,
406 1143 515 1215 quarn
541 1121 768 1216 praestando,
794 1119 862 1191 sibi
889 1117 1114 1190 conciliabat.
1140 1123 1252 1188 Erant
1275 1132 1332 1188 ta-

258 1238 368 1334 men²
391 1253 522 1323 magna
539 1255 584 1299 ex
602 1245 704 1328 parte
726 1229 916 1300 bominum
935 1226 981 1296 ad
999 1225 1159 1296 favorem
1177 1226 1254 1319 ejus
1273 1225 1331 1292 in·

258 1336 379 1408 clirrati
400 1339 531 1444 animi,
556 1353 592 1408 et
617 1339 802 1436 aliquanto
827 1361 935 1432 quam
963 1337 1000 1406 in
1023 1340 1223 1406 Eumenem·
1243 1357 1332 1430 pro·

258 1448 444 1543 pensiores
458 1475 475 1534 3.
494 1475 609 1545 quum
632 1449 804 1520 Eumenis
831 1444 1018 1518 beneficiis
1040 1443 1333 1539 muneribusque

257 1579 384 1628 omnes
404 1561 549 1630 Graeciae
570 1551 730 1630 ciuitates
758 1572 794 1628 et
818 1557 983 1654 plerique
1003 1555 1211 1653 principum
1233 1551 1333 1624 obli-

257 1667 329 1762 gati
347 1683 486 1754 essent,
510 1671 613 1738 etita
636 1693 674 1740 se
698 1671 736 1738 in
763 1691 878 1762 regno
899 1689 965 1736 suo
986 1679 1146 1763 gereret,
1166 1679 1227 1750 ut,
1249 1689 1333 1760 quae

236 1813 242 1822 ·
257 1775 326 1846 sub
345 1777 483 1848 ditione
502 1779 600 1874 ejus,
629 1777 739 1850 urbes
755 1777 891 1848 nullius
909 1775 1028 1846 liberae
1050 1776 1201 1846 civitatis
1217 1772 1359 1844 tortu·

257 1913 339 1958 nam
360 1912 481 1958 secum
496 1905 670 1960 mutatam
686 1888 830 1960 vellent.
852 1889 988 1956 Contra
1001 1891 1129 1956 Persea
1144 1883 1239 1956 fama
1252 1898 1332 1954 erat

256 2011 341 2093 post
354 1999 465 2094 patris
479 2014 635 2070 mortem
651 2022 804 2069 uxorem
818 2021 931 2068 manu
945 2020 1010 2066 sua
1022 1993 1213 2079 occidisse3
1231 1995 1334 2091 Apel-

256 2106 348 2192 lem,
377 2108 582 2180 ministrum
604 2107 791 2206 quondam
814 2105 951 2178 fraudis
973 2107 1011 2176 in
1035 2103 1145 2175 fratre
1167 2103 1332 2175 tollendo

256 2231 365 2312 atque
381 2216 430 2286 ob
445 2217 479 2291 id
498 2223 711 2322 requisitum
731 2244 750 2288 a
769 2217 939 2315 Philippo
957 2217 1003 2286 ad
1020 2215 1258 2312 supplicium,
1274 2239 1334 2285 ex—

186 2355 187 2358 *
257 2326 455 2412 sulantem,
477 2333 685 2400 arcessitum
705 2344 788 2427 post
813 2329 924 2426 patris
945 2341 1102 2397 mortem
1122 2324 1333 2421 ingentibus

258 2437 442 2532 promissis
458 2438 502 2510 ad
518 2441 664 2536 praemia
680 2454 787 2510 tantae
805 2451 1021 2536 perpetratae
1038 2437 1091 2506 rei
1110 2436 1200 2506 clam
1220 2438 1331 2506 inter-

257 2546 394 2619 fecisse.
426 2552 610 2628 Intestinis
636 2550 869 2644 externisque
891 2562 1063 2646 praeterea
1086 2547 1209 2617 multis
1227 2545 1332 2616 caedi-

257 2657 327 2730 bus
345 2657 535 2748 infamem,
555 2687 623 2733 nec
641 2661 718 2732 ullo
735 2656 1062 2730 commendabilem
1081 2657 1231 2744 merito,
1246 2679 1333 2752 prae-

295 2839 317 2886 3.
332 2841 369 2886 De
383 2839 510 2888 discordiis
530 2841 733 2905 seditionibusque
749 2859 768 2888 s.
815 2841 854 2888 bes
874 2839 963 2887 nullius
981 2840 1064 2887 liberae
1081 2837 1185 2887 civitatis
1195 2836 1331 2902 fortunam

260 2919 325 2966 conl.
337 2917 370 2964 ad
379 2919 450 2980 XLI,
462 2921 504 2967 25.
814 2935 894 2966 secum
904 2929 1026 2965 mutatam
1035 2918 1130 2965 vellent
1137 2952 1146 2975 ,
1159 2931 1216 2964 cum
1225 2931 1268 2962 sua
1279 2915 1331 2962 for·

294 2998 356 3045 Car.
370 2999 401 3044 V.
416 3015 438 3046 1.
448 3000 506 3047 Non
513 3010 597 3064 gentes
610 2999 683 3046 modo
701 2999 769 3045 Grec·
814 3010 881 3046 tnna.
894 3020 907 3039 ιι
918 2997 1003 3044 Verbo
1019 3008 1114 3044 mertare
1127 2995 1331 3062 praeposifionem

258 3074 317 3130 cioe,
327 3086 374 3122 etc.
383 3079 449 3124 conf.
459 3077 550 3144 Polyb.
561 3079 665 3134 XXVI,
680 3079 704 3125 5.
814 3094 869 3125 cum
883 3076 956 3137 addi,
974 3077 1060 3125 docuit
1077 3078 1189 3124 Gronov.
1201 3073 1233 3121 ad
1251 3073 1331 3120 Plaut.

295 3171 319 3200 a.
336 3155 457 3202 Particula
479 3168 559 3204 tamen
578 3157 710 3221 respondet
733 3174 769 3204 se·
816 3159 881 3206 Prol.
900 3157 998 3222 Captiv.
1020 3173 1042 3204 v.
1068 3157 1115 3216 28,
1142 3153 1246 3202 laudatis
1268 3152 1332 3199 locis

257 3233 343 3296 quenti
355 3235 481 3296 particulae
499 3253 573 3298 quum
591 3253 637 3300 pro
654 3236 788 3300 quamvis„
815 3237 890 3284 Ovid.
905 3237 966 3284 Met.
985 3237 1035 3293 111,
1057 3237 1117 3296 196,
1131 3235 1194 3286 vn.
1211 3232 1256 3292 59;
1272 3229 1331 3278 Sall.

258 3315 345 3361 Oratio
363 3314 399 3360 sie
418 3314 540 3362 cohaeret:
559 3315 675 3376 Quamvis
687 3331 771 3362 omncs
816 3317 874 3377 Jug.
886 3319 935 3372 44,
947 3324 972 3360 et
983 3313 1076 3360 Iustini
1084 3315 1112 3371 1,
1125 3329 1149 3361 a.
1162 3310 1333 3360 similiteran-

258 3394 359 3443 Graeciae
377 3395 502 3450 civitates,
519 3403 544 3441 et
560 3394 668 3458 plerique
681 3393 772 3456 princi·
817 3394 881 3456 tiqui
895 3393 1010 3440 dixerunt
1024 3403 1174 3440 commutare
1185 3407 1236 3438 rem
1247 3406 1274 3436 re
1285 3390 1334 3437 ali·

259 3489 318 3537 pum
332 3473 435 3537 obligati
446 3484 526 3521 essent
537 3470 674 3530 beneficiis,
687 3487 772 3518 mune·
817 3489 868 3536 qua
887 3483 980 3519 etcum
997 3487 1023 3518 re
1041 3472 1145 3535 reliquiar
1158 3487 1204 3519 nec
1222 3480 1331 3526 tantum,

259 3553 375 3616 cibusque
389 3553 517 3610 Eumenis,
529 3564 554 3600 et
564 3554 674 3616 quamvis
684 3553 772 3598 Eume-
815 3561 843 3599 ut
851 3551 877 3599 b.
887 3551 919 3610 l.,
933 3561 1027 3599 mutare
1038 3567 1098 3610 rem,
1105 3566 1177 3614 quam
1187 3548 1332 3612 accipimus,

259 3647 303 3680 nes
315 3633 348 3680 ita
357 3649 382 3680 se
394 3633 421 3679 in
431 3649 506 3695 regno
518 3643 618 3696 gereret,
629 3643 684 3680 ut...
691 3641 770 3678 tamen
816 3645 872 3678 cnm
881 3646 994 3693 re‚qpam
1001 3629 1095 3689 damus,
1102 3627 1145 3675 scd
1155 3629 1227 3674 etiam
1236 3638 1333 3674 mutare

259 3713 344 3768 animi,
353 3710 551 3759 ete-Eumenis
559 3709 678 3777 beneficiis
685 3726 716 3756 m.
724 3726 772 3755 om·
815 3727 875 3768 rem,
883 3726 956 3772 quam
968 3708 1061 3766 damus,
1070 3724 1126 3754 cum
1136 3723 1171 3767 re,
1181 3722 1255 3770 wem
1266 3707 1333 3754 soei-

258 3807 300 3838 nes
311 3790 414 3838 Groecice
425 3790 546 3846 civitates,
558 3800 605 3838 etc.
616 3789 681 3836 unde
692 3789 722 3836 ab
731 3788 771 3836 bis
814 3789 910 3854 pimus,
925 3800 954 3836 ut
966 3787 1040 3836 Ovid.
1050 3787 1067 3836 l.
1076 3787 1094 3837 l.
1104 3787 1144 3837 Cs.
1153 3788 1185 3845 V,
1197 3787 1246 3844 so,
1256 3802 1282 3832 n.
1293 3786 1307 3833 3
1320 3820 1329 3842 ,

260 3870 341 3918 multae
357 3871 380 3918 ei
397 3881 483 3918 statuae
494 3869 582 3934 positae
596 3879 621 3916 et
635 3869 731 3916 decreta
744 3867 772 3914 in
816 3870 926 3917 etGron.
938 3868 955 3915 l.
969 3867 986 3914 l.
1001 3867 1076 3916 Drak.
1086 3894 1122 3904 -
1134 3865 1227 3914 Cenem
1241 3867 1333 3912 Persea

260 3951 378 3998 bonorem
401 3951 452 4009 ejus
467 3949 544 4007 lacta3
561 3947 673 3996 videatur
683 3946 771 4012 Polyb.
808 3946 885 4012 fama
894 3958 986 3994 erat...
1001 3945 1124 4010 Apellem,
1183 3945 1247 3992 clam
1257 3943 1333 3990 inter·

185 4023 189 4032 ’
260 4032 374 4088 XXVII,
396 4029 443 4087 15;
463 4031 590 4086 XXVIII,
610 4045 622 4088 7
642 4038 666 4074 et
685 4044 723 4075 ro.
737 4051 772 4062 -
810 4025 915 4092 fiscina·
927 4025 1036 4074 notabile
1052 4021 1330 4089 exemplumampbibo·

262 4111 323 4170 Quoe
342 4110 386 4156 sub
407 4108 499 4156 ditione
516 4107 582 4172 ejus,
601 4107 654 4156 scil.
676 4117 769 4162 essent,
817 4104 903 4168 logicae
922 4105 1054 4162 orationis,
1066 4103 1178 4168 Apellem
1192 4092 1302 4164 intellige
1316 4119 1331 4152 a

260 4189 328 4252 quod
340 4189 414 4238 Curio
426 4187 514 4251 aliique
524 4187 672 4247 adjecerunt.
682 4216 714 4223 -
730 4189 773 4232 Ur·
791 4185 792 4188 ’
819 4187 905 4230 Perseo
916 4184 1080 4232 interfectum.
1090 4183 1135 4231 En.
