2904 4960
144 398 267 514 32:333:
386 423 467 490 ue.
501 423 607 495 xus.
635 424 731 495 ose.
756 427 849 494 viu.
876 427 936 494 ut.
967 371 969 375 ⁵
1150 459 1190 530 19

118 541 211 614 ditos
226 548 265 614 in
278 541 400 614 sedem
409 567 516 618 suom
528 547 676 639 Ligures
690 551 904 618 restituisset.
923 549 1068 635 Claram
1081 563 1192 635 vieto·

116 658 211 720 riam
225 652 405 722 vincendo
420 669 688 750 oppugnantes,
702 681 775 726 nou
784 659 962 729 saeviendo
973 667 1010 730 in
1017 665 1188 760 afflictos,

15 797 16 800 ¹
109 767 208 860 fieri.

167 881 228 946 IX.
247 877 404 961 Consul,
424 900 497 972 qua
511 874 644 950 fetosis
663 879 772 949 animi
790 905 877 950 usus
896 885 1027 954 eratin
1046 888 1189 984 Liguri-

116 985 188 1057 bus
200 997 227 1074 ¹,
248 987 412 1058 eamdem
432 985 477 1058 nd
494 1011 568 1060 non
588 987 789 1083 parendum
805 993 944 1068 senatui
962 992 1100 1068 habuit.
1121 1005 1189 1072 Le.

115 1096 286 1193 gionihus
308 1097 491 1194 extemplo
511 1097 607 1170 Pisas
625 1097 662 1166 in
680 1096 914 1172 hibernacula
926 1105 1059 1192 missis,
1079 1099 1189 1183 iratus

114 1207 299 1296 Patribus,
314 1205 464 1280 infestus
476 1208 655 1304 praetori',
667 1211 819 1280 Romam
834 1210 956 1296 rediit;
970 1230 1187 1316 senatusque

114 1319 300 1416 extemplo
314 1318 359 1390 ed
376 1317 488 1388 aedem
506 1316 661 1392 Bellone
679 1315 841 1402 vocato³‚
858 1323 980 1394 multis
998 1325 1118 1398 verbis
1132 1331 1188 1400 in·

113 1445 239 1499 vectus
253 1429 357 1499 estin
370 1443 582 1526 pesetorem,
599 1433 668 1524 qui
674 1484 684 1514 ,
707 1455 820 1526 quum
835 1431 882 1500 ob
898 1457 974 1504 rem
991 1435 1083 1506 bello
1098 1439 1188 1520 bene

111 1555 269 1632 gestam,
286 1544 340 1608 uti
351 1539 419 1608 diis
434 1537 696 1612 immortalibus
710 1539 826 1616 honos
836 1541 1041 1630 haberetur,
1056 1549 1188 1637 restare

114 1651 168 1720 od
181 1665 350 1720 senatum
365 1647 565 1734 debuisset,
582 1646 753 1728 adversus
770 1673 808 1718 se
815 1674 889 1746 pro
909 1650 1071 1736 hostibus
1087 1681 1188 1736 sena·

114 1759 374 1831 tusoonsultum
379 1761 532 1848 fecisset
539 1760 565 1844 4,
585 1781 659 1854 quo
676 1763 867 1830 uictoriam
884 1785 990 1830 suom
1009 1762 1063 1832 od
1077 1769 1186 1860 Ligu-

112 1897 168 1941 res
201 1871 430 1962 transfierret,
460 1868 618 1964 dedique
644 1873 687 1941 iis
707 1893 823 1966 prope
850 1875 1032 1945 consulem
1045 1892 1189 1972 praetor

103 1981 261 2073 juberet.
280 1985 412 2076 Itaque
433 1977 604 2050 mulctum
624 1984 711 2049 eise
728 1979 868 2058 dicere:
888 2008 912 2051 a
931 1985 1104 2061 Patribus
1116 2011 1185 2082 po·

111 2090 268 2176 stulare,
296 2105 337 2158 ut
353 2086 702 2158 senatusconsultum
720 2093 757 2156 in
775 2091 967 2179 sefactum
988 2093 1067 2162 tolli
1073 2095 1185 2190 jube-

112 2219 208 2288 rent,
234 2199 625 2300 supplicationemque,
644 2223 757 2294 quom
775 2198 940 2271 absentes
958 2199 1035 2271 ea⁶
1053 2204 1181 2286 literis,

111 2314 156 2382 de
178 2311 385 2407 benegesto
404 2307 590 2406 republica
611 2313 745 2406 missis,
767 2309 957 2380 decernere
977 2313 1183 2404 debuerint,

106 2439 305 2520 praesentes
323 2422 471 2490 lionoris
489 2420 641 2488 deorum
656 2423 821 2515 primum
843 2444 975 2507 casua,
1000 2423 1132 2496 deinde
1152 2443 1188 2496 et

110 2540 169 2604 sui
191 2533 317 2630 als'quo
342 2531 489 2608 tandem
518 2543 698 2630 respectu,
726 2528 965 2599 decernerent.
989 2532 1111 2604 Nihilo
1133 2536 1183 2606 le-

111 2641 300 2727 nioribus,
321 2665 430 2738 quam
453 2631 601 2726 absens,
627 2653 834 2722 senatorum
855 2639 995 2736 aliquot
1017 2645 1185 2717 orationi-

111 2751 181 2822 bus
205 2753 425 2850 increpitus,
446 2763 573 2819 neutra
597 2748 787 2844 impetrate
811 2763 873 2835 re,
899 2751 944 2828 in,
959 2755 1183 2848 provinciam

110 2863 212 2936 redit.
242 2862 342 2942 Alter
365 2859 493 2934 consul
517 2858 741 2946 Postumius,
768 2875 982 2957 consumpta
1006 2877 1124 2934 aestate
1146 2867 1183 2935 iu

109 2970 413 3068 recognoscendis
432 2969 543 3067 agris,
561 2993 606 3036 ne
625 2969 699 3038 visa
714 2967 866 3063 ‚quidem
880 2970 1086 3065 provincia⁶
1102 3000 1182 3061 sua,

110 3085 341 3154 comitiorum
366 3105 472 3152 causa
493 3085 647 3148 Romam
670 3076 787 3146 rediit.
810 3079 986 3150 Consules
1007 3085 1046 3152 C.
1064 3087 1184 3184 Popil-

109 3192 198 3266 lium
218 3197 420 3278 muntem,
447 3195 483 3266 P.
504 3186 636 3262 AElium
657 3187 827 3284 Ligurem
850 3192 990 3262 creavit.
1012 3195 1184 3286 Praetores

109 3301 239 3372 exinde
262 3299 345 3372 facti
368 3307 406 3373 C.
429 3299 588 3371 Licinius
608 3301 776 3386 Crassus,
798 3301 846 3366 Μ.
868 3301 997 3374 lunius
1017 3308 1182 3398 Pennus,

108 3521 235 3576 Vincentio
247 3532 431 3585 oppugnantem·
441 3520 505 3570 Clet.
515 3530 540 3572 et
550 3520 621 3568 Ctev-
658 3515 775 3580 fuisset,-
784 3516 841 3563 vide
852 3533 924 3582 supra
937 3519 968 3566 nd
979 3521 1042 3580 vn,
1058 3525 1088 3570 16
1098 3559 1104 3582 ‚
1116 3541 1141 3572 n.
1157 3527 1181 3573 6.

107 3601 204 3655 emend.
211 3611 359 3664 pugnantes.
372 3600 420 3652 Sed
431 3600 498 3648 conl.
511 3613 538 3648 u.
549 3614 573 3644 2.
702 3597 725 3644 5.
739 3597 819 3658 Quam
838 3597 947 3644 absentes
965 3614 998 3645 ex
1018 3599 1106 3660 literis,
1131 3615 1179 3654 etc.

140 3681 205 3738 usn.
219 3682 267 3728 lx.
286 3678 423 3726 1.Feroeia
435 3695 460 3726 a.
472 3694 529 3726 usus
546 3676 570 3724 in
583 3676 621 3722 Li·
664 3678 719 3740 lege
729 3691 735 3723 τ
746 3691 821 3739 quom
833 3676 930 3723 absenti
942 3677 989 3725 sibi
1004 3695 1037 3728 ee
1054 3681 1139 3732 literis.
1153 3719 1176 3734 ..

103 3759 204 3823 gruibus
211 3777 222 3814 ,-
232 3741 289 3807 vile
299 3757 331 3806 nd
341 3759 389 3815 VI,
404 3773 435 3804 on
446 3791 454 3814 ,
466 3773 492 3804 n.
509 3771 531 3802 1.
661 3757 780 3822 prasenti
789 3756 902 3815 honoris,
918 3770 965 3807 etc.
977 3759 1054 3809 Gron.
1068 3765 1182 3815 Absentis

140 3854 166 3886 a.
178 3837 287 3904 infestus
298 3836 403 3901 praetori
409 3871 417 3894 ,
432 3838 464 3884 Δ.
479 3835 566 3884 Atilio.
582 3835 620 3884 cf.
638 3901 643 3912 Ι
665 3846 689 3884 et
700 3837 816 3900 presenti
826 3839 893 3898 conj.
909 3839 984 3886 Drak.
996 3841 1101 3890 Absente
1115 3863 1141 3891 se
1156 3857 1182 3894 et

105 3933 161 3981 cap.
172 3919 200 3966 8.
664 3926 788 3980 prasente
800 3916 916 3964 Pithoeus.

141 3999 164 4044 3.
176 3996 221 4056 Ad
229 3995 308 4054 <edem
321 3995 430 4043 Bellonae
443 4006 552 4051 vocam
565 3995 621 4042 vide
703 3995 727 4042 6.
742 3995 781 4040 Ne
794 3995 850 4052 uisa
866 3996 964 4062 quidem
973 3997 1104 4062 provincia
1117 4017 1182 4059 sua,

105 4075 136 4122 nd
145 4076 249 4135 XXVI,
262 4089 291 4120 21
302 4107 309 4134 ,
320 4089 347 4123 n.
364 4087 387 4121 1.
668 4073 773 4136 Liguria.
783 4074 855 4138 Conf.
866 4091 921 4140 esp.
935 4092 945 4122 1
960 4087 985 4124 et
996 4077 1018 4124 8.
1028 4103 1062 4112 ω
1071 4077 1183 4128 Consules

140 4161 163 4206 t.
175 4153 297 4200 Adversus
314 4169 339 4200 se
350 4168 400 4216 pro
418 4151 523 4200 hostibus
534 4153 622 4200 SCtum
670 4153 695 4202 C.
707 4153 852 4218 Popillium.
862 4189 882 4202 ..
897 4156 1004 4216 creavit;
1014 4157 1071 4203 vide
1081 4157 1112 4204 ad
1121 4161 1169 4206 vu
1175 4194 1181 4217 ,

1016 4271 1053 4324 2-¹
