2904 4960
262 419 307 490 38
409 461 416 470 -
683 423 720 490 T.
752 424 893 492 L1v11
1181 404 1246 504 ll:
1262 419 1309 505 {321

310 546 405 612 XXI.
426 543 602 613 Consules
621 542 722 612 adid
742 558 885 641 tempus
906 544 943 614 in
965 545 1169 640 provincias
1186 568 1261 616 non
1275 571 1337 616 ex·
1438 579 1439 582 ¹

260 653 376 722 ierant
388 661 412 736 ¹,
432 654 517 747 quia
535 677 673 748 nequo,
697 653 751 724 uti
765 652 810 724 de
826 659 875 724 M.
893 653 1046 752 Popillio
1065 653 1260 742 referrent,
1282 680 1337 726 se·
1438 639 1439 648 Ι

263 764 363 832 natui
389 759 701 859 obsequebantur,
721 777 757 834 et
784 763 874 834 nibil
898 762 996 834 aliud
1021 764 1214 836 decernere
1234 767 1337 862 prius
1439 845 1440 854 ἦ

262 886 433 944 statutum
449 871 615 944 Patribus
634 888 721 944 erat.
739 879 854 945 Aucta
872 876 978 946 etiarn
998 874 1132 946 invidia
1150 891 1204 946 est
1220 875 1338 972 Popil-

261 982 299 1052 lii
316 982 426 1053 literis
443 981 539 1076 ejus,
558 982 693 1078 quibus
711 985 841 1054 iterum
860 1009 942 1054 curn
961 982 1214 1056 Statiellatibus
1231 986 1338 1081 Ligu·
1440 1009 1441 1030 ³

262 1090 364 1162 ribus
389 1093 586 1190 proconsul
615 1117 792 1192 pugnasse
820 1119 858 1165 se
888 1095 1050 1192 scripsit,
1078 1119 1118 1166 ac
1145 1121 1183 1166 se
1210 1095 1337 1166 decern

262 1202 375 1274 millia
399 1227 526 1276 eorum
552 1204 747 1276 occidisse:
773 1221 923 1302 propter
942 1207 1044 1300 cujus
1063 1205 1230 1298 injuriam
1249 1203 1338 1274 belli
1441 1244 1442 1260 .

251 1316 380 1390 ,caeteri
399 1339 549 1412 quoque
567 1316 741 1412 Ligurum
760 1316 896 1412 populi¹
908 1315 955 1386 ad
973 1339 1071 1386 arma
1090 1317 1220 1386 ierunt
1243 1319 1336 1384 Tum

261 1450 347 1494 vero
374 1450 449 1495 non
474 1423 603 1496 absens
626 1425 736 1496 modo
763 1425 955 1522 Popillius,
979 1428 1044 1522 qui
1063 1423 1192 1496 deditis
1211 1437 1338 1494 contra
1442 1488 1443 1492 ,

259 1535 318 1625 jus
336 1559 376 1604 ac
395 1532 446 1605 fas
465 1533 605 1606 bellum
622 1534 821 1622 intulisset,
844 1551 880 1606 et
898 1550 1042 1632 pacatos
1059 1535 1127 1606 ad²
1145 1534 1338 1605 rebellium

261 1647 463 1735 incitasset,
482 1645 546 1718 sed
566 1646 751 1732 consules,
769 1645 870 1742 quod
890 1669 964 1716 non
983 1648 1122 1718 exirent
1139 1648 1176 1714 in
1195 1645 1340 1742 provin·

262 1757 374 1844 ciam,
393 1759 430 1828 in
459 1772 586 1830 senatu
606 1757 783 1853 increpiti.
811 1759 888 1826 Hoc
911 1779 1089 1826 consensu
1112 1759 1258 1826 Parrum
1279 1777 1338 1822 ac*

263 1868 360 1938 censi
379 1872 428 1936 M.
447 1869 603 1937 Marcius
621 1871 747 1938 Sermo
767 1882 803 1938 et
817 1869 860 1954 Q.
879 1868 1034 1936 Marcius
1047 1865 1181 1960 Scylla,
1200 1863 1339 1934 tribuni

262 1976 400 2074 plebis,
414 1992 450 2048 et
465 1975 675 2048 consulibus
689 1977 860 2048 mulctam
875 2001 912 2047 se
926 1975 1105 2060 dicturos,
1120 1975 1188 2044 nisi
1201 1975 1239 2044 iu
1253 1999 1338 2071 pro-

262 2089 415 2158 vinciam
434 2089 592 2176 exirent,
612 2087 891 2174 denuntiarunt,
913 2101 950 2156 et
965 2089 1208 2182 rogationem,
1226 2109 1338 2181 quarn

263 2194 308 2266 de
324 2196 526 2293 'Liguribus
548 2196 678 2268 deditis
696 2196 926 2293 promulgare
944 2197 1123 2268 inanimo
1141 2195 1338 2288 haberept,

264 2306 301 2376 in
316 2322 442 2376 senatu
454 2308 662 2376 recitarunt.
679 2305 931 2390 Sanciebatur,
948 2323 989 2376 ut
1002 2313 1069 2404 qui
1080 2303 1153 2376 ex³
1170 2306 1312 2379 Statiell
1319 2313 1325 2324 '

263 2415 394 2488 deditis
411 2421 448 2485 in
468 2415 667 2486 libertatem
686 2423 865 2488 restitutus
886 2434 970 2488 ante
992 2417 1170 2487 Calendus
1186 2406 1340 2488 Sextiles

251 2531 401 2622 primas
428 2550 501 2595 uon
529 2543 636 2612 esset,
663 2529 766 2621 cujus
793 2527 877 2597 dolo
902 2527 1000 2598 molo
1023 2533 1053 2597 is
1076 2533 1114 2596 in
1135 2533 1341 2598 servitutem

266 2624 437 2720 venisset,
452 2636 643 2729 utjuratus
654 2653 801 2708 senatus
814 2637 1049 2725 decerneretl,
1061 2644 1128 2735 qui
1139 2664 1221 2709 eam
1234 2634 1248 2679 ⁵
1263 2627 1339 2709 rem

264 2823 358 2884 ‘Gaogn
369 2821 430 2870 Ant.
444 2825 485 2882 11,
501 2826 531 2885 3,
544 2841 571 2888 p.
587 2833 647 2887 479.
660 2827 781 2890 Corrupto
827 2829 853 2875 la
872 2844 886 2875 a
904 2824 1011 2878 librariis
1033 2830 1096 2877 forte
1117 2829 1263 2894 depravata,
1280 2829 1342 2888 sod,

206 2947 209 2954 ,
267 2900 466 2976 tectiofloximum
475 2905 577 2952 formata
586 2905 722 2953 videturex
731 2907 782 2966 ejus
827 2899 884 2961 quia
898 2900 972 2963 plane
984 2901 1104 2948 incertum
1113 2911 1161 2960 est,
1175 2901 1237 2964 qnid
1249 2915 1297 2963 pro
1311 2900 1343 2946 ils

268 2984 367 3030 nomino
373 2981 495 3032 hodierno
504 2983 638 3042 Osimo,vel
646 2987 727 3034 Osmo.
736 2988 782 3034 En.
827 2977 942 3027 substitui
955 2979 1056 3040 debeat,
1067 2980 1152 3044 potius
1164 2977 1343 3043 relinquenda,

303 3063 364 3111 Car.
376 3063 449 3116 XXI.
470 3079 494 3113 1.
515 3064 628 3112 Consules
646 3064 671 3112 in
682 3065 783 3129 provin·
827 3070 855 3106 ut
872 3061 950 3109 mutu
967 3061 1079 3109 locorum
1097 3060 1276 3123 hominumque
1294 3073 1341 3106 no-

268 3141 320 3190 cios
334 3131 383 3188 riou
400 3142 526 3200 exierant,
543 3143 618 3192 immo
639 3144 664 3191 iu
681 3144 782 3210 provin.
828 3138 907 3198 mina,
917 3157 972 3204 quae
980 3139 1254 3195 ilibinonoeeurrunn
1264 3137 1342 3190 Drak.

268 3222 426 3287 oiannqnod
441 3240 501 3272 mox
518 3225 556 3271 bis
570 3225 715 3283 dicitur,ot
728 3241 782 3290 cap.
827 3218 900 3266 Cous·
920 3218 952 3266 ad
973 3221 1026 3278 111,
1049 3218 1094 3276 50,
1111 3234 1137 3266 n.
1157 3233 1179 3266 r.
1198 3215 1273 3266 ualle
1293 3233 1343 3280 pro

270 3319 302 3350 oo
314 3319 352 3368 pr.
362 3319 419 3350 narn
434 3319 483 3350 uno
496 3303 544 3351 suit
555 3304 697 3368 provincia,
710 3304 783 3367 Ligu·
827 3298 908 3360 Scjlla
922 3299 988 3358 conj.
999 3297 1069 3361 Pigb.

268 3383 318 3441 ria,
327 3382 447 3430 ambobus
459 3383 601 3431 consulibus
610 3384 705 3431 deuota
714 3401 721 3442 ς
731 3382 782 3431 vid.
865 3377 890 3424 3·
904 3378 937 3424 Ut
950 3376 995 3440 qui
1003 3393 1037 3424 05⁶
1051 3376 1181 3433 scallellis,
1192 3387 1239 3424 01⁰·
1253 3391 1301 3439 ΡΝ)
1315 3387 1344 3420 “l

161 3453 166 3460 '
269 3478 323 3527 cap.
341 3477 380 3511 ιο,
395 3489 429 3500 -
442 3462 526 3515 (Iside
540 3461 693 3527 M‚p0p1'111'0
708 3461 783 3527 riser.
827 3454 912 3520 siquis
921 3471 954 3502 ex
963 3457 997 3504 Se.
1006 3483 1041 3492 -
1050 3457 1115 3504 Ante
1129 3454 1250 3503 calendas
1263 3454 1344 3502 Serri·

269 3553 337 3600 rent,
350 3553 396 3590 etc.
406 3543 438 3592 of.
450 3559 504 3606 cap.
518 3541 783 3605 10.-Prooonsolpu·
828 3535 862 3582 les
866 3535 974 3600 primas,
984 3538 1117 3602 proximas.
1125 3537 1195 3581 -In
1205 3533 1343 3582 servitutem

268 3637 372 3685 gnosso,
393 3633 440 3670 etr.
468 3623 530 3670 sorte
547 3620 716 3685 proconsule
734 3635 783 3682 pu-
827 3612 1341 3676 venisset,immoiuservitutemonsisset5

268 3715 402 3772 gnasse'se
414 3700 520 3764 scripsit,
534 3696 677 3748 resederim
691 3697 781 3756 millia,
828 3696 905 3743 Gron.
956 3713 961 3717 ·

271 3790 318 3828 etc.
329 3781 384 3828 Jac.
398 3779 474 3827 Perit.
692 3767 694 3774 ¹
864 3783 888 3830 4.
901 3778 934 3822 Ut
946 3775 1048 3840 juratus
1065 3784 1163 3821 senatus
1183 3772 1343 3827 decerneret,-

307 3874 332 3905 α.
345 3861 454 3905 Paratos
465 3856 503 3904 ad
516 3855 657 3913 rebellium,
668 3872 715 3922 pro
728 3857 781 3905 vul·
826 3853 884 3902 vide
900 3853 932 3901 ad
946 3855 1051 3913 XXVI,
1067 3855 1116 3912 33,
1131 3869 1157 3900 n.
1179 3866 1203 3913 9.
1218 3853 1256 3899 De
1274 3852 1344 3900 itera·

271 3938 322 4003 gari
333 3937 536 3993 rebellionem,ut
545 3937 686 4002 contagium
696 3947 720 3984 et
729 3953 784 3986 cou-
828 3934 895 3981 tione
916 3925 1051 3998 particulae'
1070 3943 1097 3978 ut
1116 3931 1173 3978 vide
1199 3931 1231 3978 ad
1252 3933 1343 3989 XXII,

271 4016 354 4081 ragio,
370 4015 518 4064 consortium
531 4026 555 4064 et
569 4015 706 4073 consortio,
722 4016 784 4063 obli·
832 4027 912 4071 11,n.
927 4027 953 4059 a.
1338 4071 1340 4076 Ι

271 4096 335 4144 vium
349 4107 374 4144 et
386 4095 486 4152 oblivio,
501 4095 621 4144 obsidium
631 4108 656 4144 et
670 4095 783 4151 obsidio‚·
865 4091 890 4139 5.
907 4090 955 4153 Qui
965 4107 1020 4138 eam
1035 4106 1086 4138 rem
1099 4101 1219 4153 quaereret
1228 4087 1344 4136 animad-

271 4177 349 4228 Gron,
359 4178 422 4226 Mox
434 4175 579 4240 cognomina
591 4177 673 4222 Sermo
683 4186 707 4223 et
719 4174 783 4235 Scyl·
830 4182 993 4236 verterstque,
1012 4180 1180 4236 cognosceret,
1200 4168 1238 4216 vel
1257 4169 1343 4232 potius
