2904 4960
281 460 326 532 sa
581 471 584 490 ·
716 469 754 534 r.
781 468 914 536 urvu
1195 449 1260 552 ῧςξς
1275 465 1323 552 331:

327 587 485 656 XXXIV.
516 589 711 682 Postquam
742 587 890 676 consul,
918 612 999 685 quae
1026 588 1209 674 voluerat,
1237 589 1351 676 dixit,

278 699 340 794 Sp.
355 695 562 793 Ligustinus
579 721 622 768 ex
638 721 683 771 eo
702 710 877 786 numero,
894 698 959 795 qui
975 695 1142 770 tribunos
1157 697 1273 796 plebis
1289 723 1350 796 ap-

278 805 520 903 pellaverant,
544 832 565 878 a
588 806 737 880 consule
760 821 799 879 et
819 806 865 878 ab
888 805 1044 880 tribunis
1068 808 1192 914 petiis,
1217 823 1258 880 ut
1280 807 1349 878 sibi
1439 877 1440 894 ,

277 917 400 1012 paucis
421 916 465 987 ad
484 916 664 1016 populum
681 927 808 1014 agerc¹
829 917 963 989 liceret.
985 919 1165 990 Permissu
1185 920 1349 988 omnium
1439 927 1440 946 .

276 1025 326 1098 ita
349 1027 523 1123 loquutus
546 1025 690 1100 fertur:
715 1031 806 1126 «Sp.
829 1028 1036 1124 Ligustinus
1058 1026 1176 1098 tribus
1199 1031 1351 1100 Crustu·
1439 1111 1440 1122 .

276 1166 293 1202 ιι
307 1139 413 1208 minae
432 1163 477 1210 ex
495 1136 635 1210 Sabinis
653 1163 734 1208 sum
751 1137 945 1223 oriundus,
958 1137 1128 1228 Quirites.
1142 1141 1247 1208 Pater
1261 1137 1351 1208 mihi
1439 1131 1440 1204 l

277 1279 294 1314 ιι
305 1249 474 1345 jugerum
499 1249 574 1344 agri
592 1249 741 1345 reliquit
765 1263 802 1320 et
821 1272 974 1345 parvum
993 1248 1197 1344 tugurium,
1218 1249 1255 1316 in
1274 1273 1351 1345 quo
1439 1265 1440 1288 ¹

276 1390 293 1423 ιι
308 1373 413 1430 natus
425 1358 671 1456 educatusque
686 1384 785 1446 sum;
802 1357 987 1455 hodieque
1005 1357 1057 1428 ibi
1070 1355 1207 1428 habito.
1225 1361 1351 1446 Quum
1439 1355 1440 1372 ¹

277 1497 294 1532 a
308 1469 466 1564 primum
480 1469 518 1538 in
537 1483 677 1540 aetatem
693 1457 776 1540 veni
786 1478 813 1554 ²,
832 1483 934 1565 pater
954 1467 1043 1538 mihi
1060 1491 1214 1538 uxorem
1231 1465 1352 1540 fratris
1439 1521 1440 1536 ι

276 1606 293 1642 «
307 1578 363 1648 sui
383 1576 493 1650 filiam
510 1577 629 1664 dedit3
650 1603 731 1676 quae
752 1566 872 1650 secum
893 1577 984 1648 nihil
1005 1577 1143 1665 attulit,
1164 1593 1293 1675 praeter
1309 1579 1351 1648 li-

278 1717 295 1751 ι
309 1685 484 1758 bertatem
503 1687 807 1785 pudicitiamque,
832 1703 970 1760 etcum
995 1689 1050 1758 his
1072 1687 1352 1777 fecunditatem,

225 1857 228 1871 .
277 1827 294 1862 ι
309 1813 445 1894 quanta
465 1797 523 1868 vel
543 1799 581 1866 in
604 1797 671 1869 diti
692 1798 803 1868 domo
828 1800 911 1870 satis
930 1812 1032 1870 esset.
1055 1801 1124 1868 Sex
1142 1795 1207 1868 lilii
1223 1795 1350 1884 nobis,
1439 1855 1440 1886 ι

196 1987 200 2004 ¹
277 1936 294 1973 ιι
309 1909 388 1979 duae
415 1907 497 1980 filiae
522 1923 634 1980 sunt:
657 1923 819 2006 utraeque
842 1908 916 2003 jam
942 1923 1075 2006 nuptae.
1096 1907 1174 1980 Filii
1193 1921 1352 2004 quatuor

277 2033 408 2116 «togas
434 2019 554 2090 viriles
581 2019 740 2106 habent,
769 2019 844 2090 duo
873 2019 1071 2117 praetextati
1100 2015 1221 2089 suut3.
1248 2017 1352 2088 Miles
1439 2089 1440 2106 ,

277 2153 388 2199 «sum
410 2127 546 2218 factus,
569 2133 606 2200 P.
625 2130 804 2228 Sulpicio,
824 2132 862 2200 C.
878 2129 1024 2202 Aurelio
1041 2126 1290 2200 consulibusl.
1308 2130 1353 2194 In

277 2269 295 2305 «
309 2265 353 2310 eo
373 2241 552 2328 exercitu,
577 2242 641 2338 qui
665 2241 703 2310 in
725 2240 974 2311 Macedoniarn
992 2255 1046 2309 est
1066 2250 1352 2335 transportatus,

276 2380 294 2416 ιι
307 2349 497 2422 biennium
518 2351 631 2422 ¹miles
659 2351 842 2450 gregarius
868 2347 921 2420 fui
950 2348 1120 2420 adversus
1143 2333 1361 2444 Philippum

278 2491 295 2526 ιι
308 2479 455 2558 regern:
480 2463 588 2534 tertio
613 2487 709 2533 anno
727 2462 870 2532 rirmtis
890 2485 995 2530 causa
1011 2458 1102 2529 mihi
1121 2463 1161 2528 T.
1180 2457 1354 2549 Quintius

278 2569 529 2641 «Flamininus
542 2571 737 2642 decumum
752 2570 918 2641 ordinem
930 2566 1133 2640 hastatum⁵
1149 2567 1351 2664 assignavit.
1439 2587 1440 2670 j

313 2792 373 2840 Cur.
384 2793 507 2840 XXXIV.
521 2807 543 2841 1.
554 2792 599 2839 Ad
607 2792 725 2856 populum
734 2808 791 2859 age-
836 2792 893 2838 Eut.
908 2787 1014 2852 Propius
1028 2787 1144 2836 accedere
1159 2787 1193 2846 si<
1202 2786 1299 2842 diritius
1316 2787 1358 2857 tp·
1439 2777 1440 2788 ¹

232 2932 236 2940 y
279 2885 322 2930 rc‚·
332 2870 390 2918 vide
399 2871 431 2918 ad
441 2873 517 2934 VIII,
533 2873 565 2919 33
576 2907 584 2933 ,
595 2887 621 2919 ιι.
635 2873 677 2919 ι3.
836 2872 923 2936 gredau
936 2869 983 2935 (de
993 2883 1044 2932 quo
1051 2868 1102 2917 vid.
1111 2869 1193 2932 Toup.
1203 2867 1235 2916 ad
1243 2868 1353 2931 Lougiu.

314 2965 339 2998 u.
350 2951 430 3012 Quum
442 2949 551 3015 primum
562 2949 587 2996 in
604 2960 701 2997 aetatem
716 2950 790 3007 runi,
834 2963 892 3012 pag.
905 2946 1104 3008 381,etiu1nd.
1114 2945 1133 3012 )‚
1143 2957 1227 2996 mouet
1237 2945 1355 2995 Schaeier.
1439 2985 1440 3014 ι

277 3030 303 3078 Ιι.
322 3047 344 3077 e.
364 3029 463 3077 adolevi
482 3028 628 3092 juvenisque
647 3029 700 3089 fui;
724 3029 793 3094 quod
836 3036 874 3080 Ita
883 3039 909 3077 et
919 3027 953 3088 εἰς
961 3026 1057 3083 ἡλικίαι
1067 3025 1175 3096 ἱκόμενος
1187 3026 1357 3074 diclurradul·
1439 3015 1440 3106 J

278 3109 442 3158 adolescentia
460 3119 485 3156 et
501 3109 618 3173 pubertas
632 3107 714 3172 prima
733 3120 794 3157 tutas
836 3119 876 3156 tus
891 3103 980 3172 Polyb.
990 3102 1039 3166 Vl,
1055 3107 1086 3166 6,
1106 3105 1122 3170 S
1141 3121 1172 3166 a,
1187 3117 1212 3154 et
1224 3105 1245 3157 oi
1260 3107 1355 3165 larci<
1439 3123 1440 3130 ¹

278 3187 390 3249 viduatup
401 3205 469 3247 asse,
482 3188 584 3252 per-iude
597 3189 665 3252 quasi
677 3191 704 3235 iu
716 3188 794 3236 aeuti·
836 3187 941 3247 ἡλικίαις
958 3185 1035 3233 iidem
1048 3185 1092 3248 qui
1112 3186 1286 3257 erpantnpu
1305 3189 1357 3234 Po·

279 3267 326 3315 hus
344 3267 449 3332 pueritiis
465 3282 517 3315 uon
534 3267 566 3314 sit
583 3267 711 3315 habenda:
727 3267 794 3314 unde
837 3261 1056 3332 lyb.v1,9,st‚
1071 3266 1096 3311 6.
1116 3267 1147 3312 Iu
1164 3281 1219 3312 eam
1234 3277 1354 3323 atatem,

279 3346 400 3394 muntem
408 3357 507 3394 oetasem
515 3357 540 3394 et
549 3345 739 3394 adolescentiam
747 3361 794 3410 pro
839 3359 941 3408 scquae
950 3343 1357 3408 matrimouioiueuudouptuest,
1439 3357 1440 3360 ’

278 3427 366 3476 eudem
376 3427 437 3475 dicit
448 3427 502 3477 Cic.
516 3443 563 3492 pro
575 3427 658 3486 Deiot.
671 3443 693 3485 ι,
705 3426 758 3474 oft.
767 3429 795 3484 I,
840 3422 905 3484 conj.
916 3421 1040 3471 Drakeub.
1051 3424 1088 3473 De
1100 3424 1194 3488 nuptiis
1206 3423 1356 3489 patruelium

280 3509 329 3568 34,
348 3518 374 3556 et
394 3507 426 3554 ad
450 3507 548 3556 incunte
569 3517 656 3563 atate,
677 3522 694 3552 a
709 3505 792 3570 prims
836 3503 989 3566 aliorumque
1007 3501 1094 3550 eodem
1112 3502 1189 3566 gradu
1211 3505 1357 3564 coujuncto-
1397 3526 1399 3535 .
1439 3551 1440 3564 ,

280 3599 387 3652 tempore
408 3586 506 3644 tataris,
524 3585 606 3651 prima
624 3597 648 3634 et
670 3601 687 3632 a
707 3583 794 3648 prima
837 3599 892 3632 rum
902 3595 978 3648 agunt
989 3579 1048 3632 Jcti
1056 3583 1084 3630 iu
1093 3583 1157 3630 Dias.
1167 3594 1193 3631 et
1202 3581 1299 3648 adst,
1312 3586 1357 3630 Iu·
1439 3633 1440 3654 1

278 3677 366 3724 mate,
377 3683 395 3714 a
400 3665 524 3731 principio
534 3664 615 3714 ostatis
628 3665 680 3715 Cic.
690 3665 742 3712 Off.
754 3666 793 3721 II,
839 3663 890 3712 stit.
904 3663 935 3716 de
947 3662 1062 3726 Nuptils;
1073 3661 1139 3710 nuk.

281 3747 328 3806 133
341 3746 372 3794 de
386 3749 444 3810 Leg.
459 3750 485 3806 1,
503 3755 535 3805 43
550 3743 618 3796 Suet.
633 3747 696 3795 Goer.
708 3745 756 3802 3ο,
769 3755 794 3792 et
876 3745 899 3792 3.
910 3741 969 3790 Filii
989 3752 1096 3804 quatuor
1116 3748 1195 3805 togas
1204 3740 1289 3788 uiriles
1307 3739 1357 3788 ira·

280 3832 345 3890 Aug.
359 3828 412 3883 III,
427 3827 476 3884 84,
489 3842 552 3890 pro,
564 3841 577 3872 a
589 3824 715 3890 principio
735 3823 793 3872 ado·
839 3823 909 3880 ient,
928 3820 977 3868 duo
989 3819 1138 3885 praetextati
1151 3831 1227 3879 suut5
1244 3819 1303 3868 vida
1322 3820 1358 3868 ad

278 3904 414 3962 laurentian
426 3903 517 3952 Duker.
531 3916 556 3952 et
569 3903 677 3951 Tumeb.
688 3904 791 3951 Advers.
837 3905 925 3960 XXII,
937 3901 980 3962 57,
993 3913 1019 3950 n.
1037 3915 1078 3949 ιο.

279 3983 372 4042 XXX,
385 3983 478 4032 duffio
489 3993 513 4030 et
525 3995 586 4032 tutas
596 3999 643 4048 pro
653 3983 793 4031 adolescen-
874 3987 898 4036 t.
908 3981 936 4027 P.
950 3979 1073 4044 Sulpicio,
1090 3979 1118 4028 C.
1135 3978 1237 4026 Aurelio
1255 3995 1315 4026 coss.
1330 3995 1357 4027 a.
1439 3979 1440 3988 ¹

279 4061 316 4108 tia
328 4061 395 4126 apud
405 4063 456 4110 Cio.
467 4063 517 4110 Oli,
531 4065 567 4121 11,
584 4065 612 4110 13
624 4062 634 4128 (
644 4062 676 4136 cf.
685 4059 791 4110 Broelrh.
836 4060 897 4110 Urb.
910 4060 974 4117 5523
984 4059 1040 4106 vide
1053 4057 1085 4106 ad
1093 4061 1199 4118 XXXI,
1211 4065 1235 4114 4.

278 4139 308 4188 ad
319 4145 394 4207 Prop.
405 4143 432 4201 I,
443 4145 474 4203 6,
487 4159 512 4190 u.
524 4158 554 4190 ιι
570 4142 598 4206 );
611 4153 636 4190 et
648 4159 684 4207 gr.
702 4143 725 4192 ir
742 4143 792 4197 ἡλι-
875 4142 898 4190 5.
918 4142 1053 4187 Decumum
1075 4138 1185 4187 ordinem
1206 4137 1352 4192 hastatum,

277 4216 412 4290 κίᾳιῖναι,
428 4234 522 4272 aetatem
536 4222 664 4271 militarem
681 4221 789 4280 habers3
837 4231 885 4268 ctc.
901 4221 968 4270 conl.
983 4219 1014 4267 ad
1025 4222 1154 4282 II‚27,u.
1167 4235 1191 4279 7,
1205 4228 1229 4265 et
1240 4217 1304 4280 lips.
1321 4217 1355 4264 dc
1439 4205 1440 4268 Ῑ
