2904 4960
255 437 298 510 52
680 443 720 510 a·
752 441 891 509 uvu
949 531 952 536 ,
1177 426 1354 526 tta:-

252 585 362 658 quam
382 558 450 630 sub
470 583 574 656 rege,
595 558 750 632 malebat
773 584 873 632 esse:
901 559 931 630 si
951 558 1105 633 liberum
1126 562 1211 636 inde
1229 564 1325 636 arbi-

251 674 363 742 trium
390 667 543 740 fortunae
568 673 681 758 es'set‚
711 685 876 767 neutram
901 685 1041 769 partem
1066 672 1237 746 volebant
1258 701 1325 774 po·

249 783 459 868 tentionem,
483 780 592 850 altera
610 803 801 877 oppressa,
821 778 921 868 ficri3
939 779 1024 868 sed,
1045 781 1189 854 illibatis
1205 789 1326 882 potius

250 891 389 964 viribus
406 891 595 985 utriusque
614 891 741 987 partis,
759 913 885 986 pacem
902 915 948 962 ex
966 911 1010 962 eo
1028 917 1183 965 manere.
1205 900 1258 970 Ita
1274 898 1326 966 in.

250 1018 307 1074 ter
330 1017 507 1096 utrosque
531 1001 705 1097 optimam
732 998 977 1070 conditionem
1004 1002 1202 1074 civitatium
1223 1003 1324 1092 fore,

252 1121 465 1213 protegente
484 1109 597 1180 altero
622 1132 764 1207 semper
784 1111 931 1207 inopem
951 1109 997 1182 ab
1020 1112 1165 1185 alterius
1183 1115 1323 1210 injuria.

251 1230 335 1296 llaec
361 1223 555 1294 sentientes
576 1221 775 1291 certamina
797 1218 983 1292 fautorum
1002 1224 1193 1322 utriusque
1215 1230 1326 1323 partis

248 1335 349 1406 taciti
363 1357 408 1404 ex
425 1347 506 1402 tuto
524 1328 746 1428 spectabant.
763 1329 960 1417 ConsuleS,
975 1331 1125 1427 quodie
1141 1335 1325 1432 magistra-

249 1459 327 1514 tum
344 1443 525 1527 inierunt,
551 1463 596 1510 ex
620 1439 932 1512 senatusconsulto
955 1465 1070 1536 quum
1093 1443 1187 1516 circa
1205 1447 1326 1517 omnia

249 1553 352 1639 fana,
380 1554 417 1622 in
443 1549 578 1646 quibus
603 1549 862 1620 lectisternium
887 1551 1060 1645 majorem
1081 1568 1221 1650 partem
1240 1558 1325 1626 anni

240 1689 327 1738 csse
338 1663 453 1748 solet,
468 1657 666 1754 majoribus
681 1657 809 1730 hostiis
820 1659 1087 1748 immolassent,
1101 1660 1186 1733 inde
1201 1687 1327 1760 preces

251 1799 332 1847 suas
356 1785 519 1869 acceptas
546 1768 593 1839 ab
620 1769 687 1840 diis
711 1765 975 1840 immortalibus
996 1772 1165 1859 ominati,
1187 1779 1326 1845 senatui

249 1889 317 1984 rite
353 1880 590 1954 sacrificatum
626 1881 946 1978 precationemque
980 1881 1026 1954 de
1064 1881 1162 1954 bello
1196 1883 1326 1956 factam

248 1995 503 2092 renuntiarunt
514 1985 539 2058 ⁵.
565 1991 781 2086 Haruspices
806 1992 854 2061 ita
879 1991 1168 2090 responderunt,
1186 1996 1330 2091 siquid

249 2111 304 2176 rei
313 2127 417 2174 novae
430 2104 654 2196 inciperetur,
672 2099 713 2169 id
723 2101 984 2172 maturandum
1003 2127 1089 2174 esse.
1110 2109 1324 2192 Victoriam,

250 2213 803 2310 triumphum,prorogutionem
823 2216 967 2308 imperii
975 2213 1162 2308 portendi.
1183 2218 1325 2302 Patres,

250 2324 353 2424 quod
358 2325 531 2414 fututum
541 2321 714 2416 felixque
723 2323 868 2417 populo
892 2345 1046 2392 mmuno
1070 2339 1177 2410 esset,
1200 2340 1326 2394 eentu-

250 2440 351 2506 riatit
376 2435 529 2503 comitiis
542 2434 669 2526 primo
693 2455 840 2527 quoque
865 2430 926 2500 die
940 2433 1051 2522 ferre
1076 2432 1130 2502 ad
1138 2433 1325 2531 populum

251 2543 435 2628 consules,
461 2543 667 2636 jusserunt,
692 2557 751 2628 ut,
776 2541 879 2638 quod
898 2546 1073 2628 Perseus,
1100 2543 1262 2641 Philippi
1268 2548 1326 2641 fi

251 2647 343 2742 lius,
372 2652 619 2724 Macedonum
646 2675 733 2737 rea,
765 2651 936 2722 adversus
951 2653 1081 2741 foedus
1109 2679 1192 2724 cum
1212 2671 1327 2751 putre

251 2765 430 2862 Philippo¹
452 2767 581 2847 ictum,
602 2777 641 2835 et
662 2786 784 2832 secum
797 2777 1057 2859 postmortem
1079 2765 1156 2858 ejus
1177 2789 1327 2838 renova-

251 3002 364 3050 Liberum
383 2997 455 3052 inde,
473 2997 536 3044 forte
553 2995 654 3044 liberum
671 3007 763 3045 autem.
809 2997 844 3046 las
856 2997 969 3056 dicantur
982 3013 1014 3046 ex
1027 2998 1242 3047 senatusconsulto
1260 2997 1327 3050 circa

250 3109 286 3119 -
300 3079 406 3128 Illibatis
425 3076 518 3124 viribus
542 3075 666 3140 ramusque
676 3063 765 3140 ¹partis
809 3077 891 3123 omnia
908 3077 964 3124 fana
985 3078 1117 3138 majoribus
1133 3076 1223 3125 hostiis
1241 3077 1328 3126 immo·

251 3161 320 3226 (vide
330 3159 361 3208 ad
372 3160 418 3217 111,
432 3158 476 3214 61,
489 3172 515 3202 n.
525 3154 560 3219 a),
566 3171 656 3219 pacem
665 3170 765 3202 munere
807 3154 880 3203 lasse.
904 3155 934 3202 ld
956 3156 1023 3203 enim
1042 3167 1140 3204 senatus
1163 3137 1326 3220 imperaverit

252 3255 339 3296 exeo,
352 3236 420 3302 quod
433 3235 547 3283 hrevircs
559 3245 639 3282 cuent
655 3233 763 3283 illibatae.
808 3249 862 3298 cap.
890 3236 923 3282 28
943 3235 1008 3282 mccl.
1032 3235 1169 3284 consulibus
1189 3233 1327 3299 designans

251 3323 293 3368 Ea:
306 3334 377 3383 oequo
396 3315 504 3364 malebat
517 3316 595 3362 Gron.
608 3339 644 3351 -
656 3314 710 3375 Quo
724 3313 764 3362 dte
809 3313 936 3376 imperarit
952 3325 1062 3371 senatus,
1074 3326 1101 3362 ut
1121 3331 1172 3378 qua
1189 3314 1230 3361 die
1245 3315 1325 3379 magi-

253 3399 439 3464 magistratum,
459 3405 506 3442 eto.
520 3394 581 3442 olim
601 3391 765 3455 distinguetu-
807 3403 911 3438 suatum
920 3391 1126 3450 inissent,laostiis
1135 3392 1270 3459 majoribus
1279 3392 1327 3441 rite

252 3491 308 3528 tur:
318 3493 366 3542 quo
379 3475 422 3523 die
433 3473 603 3538 magsitrutum
616 3471 765 3518 interaneis
808 3471 935 3528 mactatis,
946 3482 994 3521 stc.
1007 3475 1055 3520 Eu.

252 3554 477 3608 senatusconsulto,
488 3568 579 3615 quum,
590 3561 637 3597 etc.
650 3549 720 3613 quasi
729 3550 766 3596 Li-
845 3551 869 3598 5.
879 3549 943 3598 Inda
951 3567 1038 3616 preces
1046 3567 1104 3600 suas
1115 3563 1243 3616 acceptas.
1250 3585 1270 3600 ..
1285 3569 1326 3599 re-

253 3637 307 3684 tius
325 3633 459 3689 indicaret,
474 3629 586 3678 consules
602 3643 654 3675 nou
667 3627 765 3675 ordina·
809 3629 973 3678 ursacianos:
986 3632 1039 3679 huc
1056 3640 1114 3694 post
1135 3629 1210 3678 verba
1228 3630 1329 3695 imperii

252 3717 305 3774 rio,
323 3713 366 3761 sed
386 3728 430 3776 per
450 3707 685 3758 senatusconsultum
704 3705 764 3755 deli·
804 3708 1050 3774 portendiponendr
1060 3707 1271 3772 putabntcravu.
1284 3726 1328 3758 ae-
1415 3769 1425 3780 ἱ

252 3793 353 3843 nicoclis
362 3785 708 3854 magistratumocoepisse‚nt
717 3788 764 3846 1x,
808 3797 891 3851 ceptus
908 3789 941 3835 ab
956 3787 1020 3836 diis:
1034 3804 1092 3852 prm
1106 3798 1233 3852 precantes
1255 3803 1326 3852 rogn-

254 3869 344 3937 8,'quo
355 3868 435 3918 creati
445 3879 501 3915 sunt
514 3866 554 3914 die
565 3865 624 3928 (stc
636 3864 764 3929 enimpta-
808 3866 881 3923 bant,
895 3879 924 3916 ut
937 3867 973 3914 dii
992 3883 1077 3932 preces
1094 3881 1150 3914 suns
1167 3865 1326 3930 acciperenta

252 3963 341 4016 tuerat
351 3949 505 4008 Patribus),
522 3945 693 4010 inagistratum
705 3945 766 3992 inie-
809 3945 884 3992 Drak.
897 3946 970 3995 Cous.
984 3940 1093 3995 Brision.
1105 3945 1136 3993 de
1145 3948 1226 3992 Form.
1236 3947 1262 4004 1,
1277 3945 1325 3993 33.

253 4042 317 4080 runt.
333 4028 452 4078 Distinxit
464 4041 523 4074 vero
539 4023 629 4083 Dua,
641 4037 765 4089 praeunte
809 4049 844 4061 -
854 4026 1056 4090 Prorogationem
1066 4024 1173 4090 imperii,
1182 4026 1258 4072 immo
1264 4011 1328 4088 pro-

252 4111 332 4166 Crev„
345 4107 515 4170 magistratum
523 4104 630 4152 inierunt
637 4138 646 4161 ,
658 4119 691 4151 ex
699 4119 766 4151 sena·
804 4103 984 4168 pagaeionem
1000 4105 1076 4154 Pelia.
1090 4103 1155 4152 vide
1169 4103 1202 4154 ad
1215 4104 1326 4159 xxtlt,

254 4185 401 4239 inconsulto
411 4201 485 4248 quum
494 4184 575 4242 circa,
588 4194 634 4231 etc.
645 4193 673 4232 ut
681 4197 766 4230 consu·
810 4183 857 4243 25,
867 4199 891 4232 n.
903 4197 927 4242 7.
