2904 4960
163 431 286 543 ῧῑὲῑὲξζῑ
416 451 511 518 utu.
539 449 659 518 xt11.
688 448 796 514 car.
824 448 850 512 1.
877 446 925 512 ιι.
1184 469 1202 540 7

135 573 222 670 ipsis
248 572 386 644 deverti
411 595 491 642 mos
518 583 622 642 esset.
650 570 794 666 Legati,
821 569 885 665 qui
908 579 1057 665 repente
1082 565 1205 664 aliquo

136 683 384 770 mitterentur,
407 680 549 778 singula
568 681 734 776 jumenta
758 701 824 776 per
849 676 1022 776 oppida⁷,
1044 677 1205 772 iterque

134 793 347 864 faciundum
373 807 467 878 erat,
492 789 741 889 imperabant:
768 789 872 861 aliam
894 790 1094 886 impensam
1118 787 1206 857 socii

135 905 172 974 in
189 905 416 1000 magistratus
434 925 605 974 romanos
624 921 699 972 non
719 898 908 972 iaciebant.
927 898 1061 994 Injuria
1079 919 1207 970 consu·

134 1014 194 1101 lis,
207 1015 348 1086 etiamsi
360 1015 473 1110 justa,
487 1037 562 1084 non
575 1026 695 1084 tamen
708 1012 746 1082 in
758 1011 969 1108 magistratu
983 1005 1205 1094 exercenda,
1307 1027 1312 1034 ·

134 1137 169 1197 et
190 1126 374 1196 silentium
397 1123 503 1195 nimis
524 1137 586 1194 aut
610 1121 836 1206 modestum,
854 1135 916 1192 aut
933 1117 1101 1190 timidum
1116 1119 1206 1188 Pra-

133 1239 372 1324 nestinorum‚
381 1239 457 1332 jus,
466 1235 566 1307 velut
579 1231 735 1332 probato
749 1229 929 1330 exemplo,
940 1225 1205 1326 magistratibus

133 1345 216 1418 lecit
234 1348 440 1444 graviorum
458 1347 498 1416 in
517 1344 594 1416 dies
612 1343 693 1415 talis
711 1343 852 1440 generis
869 1342 1117 1439 imperiorum.

176 1461 221 1526 II.
248 1458 430 1553 Principio
452 1455 563 1551 hujus
587 1455 673 1525 anni
694 1454 821 1550 legati,
845 1453 909 1549 qui
933 1453 970 1522 in
986 1451 1148 1522 AEtoliam
1168 1461 1205 1520 et

131 1567 382 1638 Macedoniam
406 1569 505 1637 missi
531 1581 658 1651 erant,
682 1564 961 1646 renuntiarunt,
984 1561 1056 1632 sibi
1080 1585 1204 1633 conve·

131 1678 258 1748 aiendi
269 1683 361 1773 regis
374 1683 513 1763 Persei,
528 1701 641 1773 qaam
652 1675 719 1746 alii
731 1674 858 1745 abesse
871 1697 954 1743 eam
964 1727 974 1758 ,
986 1671 1055 1742 alii
1065 1693 1203 1766 aegram

131 1813 227 1873 esse,
244 1788 352 1878 salso
377 1804 587 1884 utrumque,
595 1789 797 1882 fingerent,
811 1798 1029 1881 patestatem
1051 1805 1125 1850 non
1133 1779 1202 1870 fa·

131 1915 237 1968 ctam.
265 1898 387 1969 Facile
410 1913 531 1968 tamen
556 1903 770 1996 apparuisse
790 1896 881 1981 sibi,
906 1894 1039 1966 bellum
1049 1897 1201 1991 parari,

130 2034 196 2078 nec
217 2007 313 2078 ultra
332 2007 386 2078 ad
401 2033 508 2078 arma
528 2014 580 2078 ire
600 2006 809 2078 dilaturam.
830 2011 922 2076 Item
945 2011 983 2076 in
998 2003 1136 2076 AEtolia
1154 2027 1205 2073 se-

129 2119 305 2207 ditionem
317 2118 522 2214 gliscerein
540 2119 636 2204 dies,
654 2142 772 2216 neque
791 2117 1054 2186 discordiarum
1066 2118 1204 2212 princi-

118 2256 192 2330 pes
222 2235 434 2300 auctoritate
460 2255 529 2300 saa
556 2233 712 2300 coerceri
725 2233 900 2325 potuisse.
923 2231 1047 2318 Quum
1064 2225 1201 2298 bellum

125 2339 408 2412 Macedonicum
425 2339 462 2408 in
487 2339 753 2435 exspectatione
778 2353 887 2421 esset,
913 2339 1013 2435 prius
1036 2361 1146 2433 quam
1167 2333 1200 2406 id

127 2449 395 2545 susciperetur,
424 2447 588 2546 prodigia
612 2451 748 2546 expiari
775 2473 974 2546 pacemque
997 2448 1104 2520 deum
1128 2448 1202 2544 peti

127 2557 421 2655 precationibus,
441 2583 521 2655 quae
539 2557 642 2630 editae
665 2585 709 2630 ex
728 2557 897 2630 fatalibus
915 2555 1039 2630 libris¹
1062 2573 1200 2641 esseut,

127 2667 275 2766 placuit.
302 2669 452 2739 Lanuvii
478 2668 599 2741 classis
626 2693 765 2766 magnae
789 2673 926 2768 species
951 2674 987 2741 in
1013 2672 1099 2743 caeto
1121 2673 1202 2741 visae

163 2877 188 2920 7.
198 2859 301 2924 Singula
305 2859 582 2924 jumentaperoppida,
595 2870 642 2908 etc.
686 2877 711 2907 ιι.
725 2861 753 2915 6,
766 2871 790 2907 et
803 2861 876 2918 xm,
890 2876 938 2918 ιι,
951 2877 976 2908 ιι.
991 2861 1014 2908 8.
1028 2887 1062 2897 -
1075 2859 1147 2906 Malit
1157 2859 1198 2905 bie

127 2940 195 2987 conf.
214 2938 345 3003 Spanhem.
363 2938 394 2986 de
408 2953 456 2985 usu
473 2949 499 2986 et
518 2953 556 3002 pr.
575 2955 642 2986 num.
687 2939 840 2998 Gronovius,
853 2940 897 3004 qui
909 2938 984 2995 editi,
1001 2955 1034 2985 sc.
1053 2938 1100 2996 dii,
1115 2937 1199 3002 exfes-

125 3019 192 3066 Diss.
203 3021 268 3066 xm
278 3052 284 3075 ,
295 3033 353 3082 pag.
367 3018 416 3067 562
426 3053 434 3076 ,
444 3017 486 3082 qui
497 3017 556 3064 bine
568 3018 642 3081 origi·
687 3019 790 3075 talibus,
812 3029 859 3065 etc.
879 3017 1035 3065 Decemviros
1051 3015 1148 3080 quidem
1167 3031 1199 3063 ex

127 3115 183 3146 nem
193 3113 279 3146 cursus
288 3097 381 3162 publici
391 3095 537 3144 vehicularia·
545 3096 642 3160 repetit.
686 3097 756 3144 libris
769 3096 897 3161 Sibyllinis
907 3097 1013 3144 'edidisse
1023 3097 1082 3144 deos
1092 3133 1099 3156 ,
1109 3097 1198 3162 quibus

127 3205 161 3213 -·-
172 3176 272 3242 injuria
281 3176 402 3232 consulis,
417 3187 463 3224 ete.
478 3191 534 3222 cnm
545 3174 642 3222 Sebelio
686 3175 870 3239 sacrificaretur,
882 3176 940 3224 satis
962 3189 1059 3226 constat
1079 3195 1110 3228 ex
1133 3177 1197 3224 Livii

129 3251 641 3320 (Diss.adPolyb.cap.5,pag.1211)
685 3257 1196 3318 xxl,61;x1.,tt,etatiht.tt0sdem

74 3339 79 3358 ¹
125 3337 190 3383 torte
204 3336 253 3400 leg.
273 3338 317 3382 Ira
334 3335 439 3383 consulis
445 3370 507 3385 .....
525 3350 641 3382 exerceri·
685 3345 765 3383 tamen
777 3353 808 3384 ex
820 3335 890 3383 libris
903 3335 1014 3383 fatalibus
1028 3335 1100 3383 etiam
1114 3352 1198 3400 preca-

125 3414 160 3462 da
171 3415 235 3474 fuit,
245 3427 269 3462 et
284 3413 417 3471 silentium,
437 3426 483 3463 etc.
503 3415 541 3462 vel
557 3416 587 3461 In
600 3413 640 3460 ira
685 3415 764 3463 tiones
777 3415 897 3472 edidisse,
909 3427 934 3461 et
943 3415 969 3461 in
980 3415 1044 3462 votis
1054 3416 1195 3478 concipien-

126 3511 147 3544 c,
158 3494 299 3543 exercenda
309 3493 444 3552 silentium,
456 3505 504 3543 etc.
516 3521 550 3531 -
559 3495 642 3541 Exer·
687 3494 724 3542 dis
734 3492 806 3542 verba
817 3493 952 3558 praeivisse,
962 3492 1054 3541 iudicat
1064 3509 1115 3540 non
1125 3493 1199 3542 semel

126 3591 180 3622 cere
200 3575 282 3631 iram,
304 3585 332 3621 ut
357 3589 470 3622 exercere
492 3573 639 3629 victoriam,
687 3573 740 3621 Liv.
754 3575 888 3638 praesertim
899 3573 948 3632 jam
959 3572 1058 3623 laudato
1072 3573 1115 3622 lib.
1126 3573 1197 3634 XLI,

127 3653 176 3716 vl,
188 3669 220 3701 22
230 3688 237 3711 ,
249 3669 275 3700 n.
286 3669 308 3714 1,
318 3664 342 3701 et
352 3667 465 3701 exercere
473 3651 638 3708 inimicitiam,
685 3669 740 3716 cap.
760 3668 803 3700 ar.
819 3651 859 3699 Ob
874 3652 937 3699 banc
949 3651 1025 3714 igitur
1037 3669 1132 3701 causam
1146 3669 1196 3700 ser·

127 3732 222 3796 dequo
236 3731 292 3780 vide
304 3733 415 3781 Cortium
427 3733 458 3781 ad
471 3731 569 3781 Sallust.
587 3732 641 3780 Cat.
685 3732 792 3778 vandum
807 3731 932 3795 vulgatum
945 3741 1015 3796 putat
1032 3733 1119 3792 Drab,
1134 3749 1196 3798 prae·

126 3829 180 3876 cap.
196 3821 243 3874 49,
256 3827 282 3857 ιι.
297 3827 322 3858 2.
332 3813 377 3860 En.
685 3821 758 3860 eunte
771 3811 902 3874 Creverio,
919 3812 1041 3876 quiurget
1051 3812 1122 3860 verba
1133 3813 1194 3860 lina·

160 3891 225 3938 Car.
236 3892 269 3937 11.
283 3877 303 3938 i.
320 3890 437 3955 Prodigia
455 3889 572 3954 expiari(
582 3889 639 3938 vide
685 3892 717 3940 lia
728 3892 801 3953 hujus
810 3893 910 3957 capitis,
923 3891 1088 3960 sacrificatum
1102 3905 1151 3949 est,
1168 3906 1195 3940 at

125 3969 154 4016 ad
171 3971 197 4026 l,
213 3985 246 4016 ιο
257 4003 264 4026 ,
276 3985 301 4016 ιι.
316 3985 341 4015 ιι
354 3969 526 4034 ),pacemque
536 3969 637 4016 deorum
682 3971 810 4018 decemviri
828 3970 942 4036 scriptum
964 3971 1099 4020 ediderunt.
1118 3973 1195 4022 cate·

120 4048 175 4111 peti
185 4047 262 4114 (vide
274 4047 305 4094 ad
315 4049 341 4101 t,
355 4049 396 4107 ιδ,
409 4065 434 4096 ιι.
446 4057 460 4102 t
471 4048 636 4113 )precationi·
685 4067 755 4114 mm,
765 4052 788 4108 ,ai
807 4051 948 4101 admittatur
957 4053 1033 4101 Gron.
1045 4053 1195 4102 emendatio.

124 4127 182 4182 bus,
198 4143 254 4190 qam
265 4125 337 4174 edita
348 4143 380 4174 es·
387 4123 510 4192 fatalibus
521 4127 586 4175 libris
599 4144 635 4175 es·
684 4147 734 4193 qno
752 4131 840 4179 referas
858 4147 943 4180 vocem
954 4132 1146 4195 precationibus,
1163 4123 1193 4180 ad

126 4217 197 4263 sent,·
217 4205 272 4252 vids
287 4205 360 4266 adl,
380 4209 424 4264 18,
440 4223 464 4254 n.
485 4223 516 4265 ις
530 4207 566 4253 111
574 4240 583 4264 ,.
598 4223 636 4264 ιο,
683 4226 753 4272 quam
762 4211 1085 4275 omninospectatentverbu
1095 4227 1195 4273 sequen-
