2904 4960
283 369 324 440 ιε
698 372 738 437 T.
772 371 910 442 mvn
1134 364 1137 376 ·
1199 353 1323 469 ςςὲςςζζς

275 510 353 562 tum
366 515 512 588 quaque
524 507 751 588 oppugnatas
761 501 787 576 ²,
803 515 876 560 nou
888 489 981 564 ultra
991 493 1181 582 sasereates
1196 493 1352 589 bellum‚·
1435 521 1436 526 ¹

274 604 414 674 deditos
431 608 468 672 ia
475 602 597 696 fidem
607 599 908 698 populs'ramaai,
925 607 1027 674 omui
1045 600 1182 676 ultima
1198 603 1351 674 crudeli·
1435 639 1436 662 2

275 720 356 784 tatis
375 712 542 809 exemplo
561 711 736 782 laeemtas
751 737 796 782 ac
814 711 948 784 deletos
968 737 1066 784 esse:
1087 729 1138 784 tot
1155 715 1271 794 millia
1289 741 1350 784 ca·
1435 735 1436 784 t

263 830 387 921 pitam
400 829 650 907 innoxiorum,
659 823 782 918 fidem
797 823 1032 919 imploranda
1040 823 1174 920 populi
1187 833 1348 910 romani,
1435 905 1436 924 ἶ

272 961 318 1004 sse
342 942 423 1032 quis
448 959 611 1030 unquam
635 958 674 1004 se
687 950 822 1030 pastea
846 932 979 1004 dedere
1002 933 1168 1020 auderet,
1185 942 1348 1031 pessimo
1435 925 1436 940 ,

270 1043 439 1156 eaepplo
448 1039 631 1114 vestissc³:
646 1059 683 1112 et
694 1044 881 1114 distractos
888 1049 1028 1139 passim
1032 1045 1143 1136 justis
1155 1046 1346 1142 quondam
1435 1117 1436 1128 ἢ

269 1155 429 1225 hostibus
443 1153 576 1252 popuii
597 1161 743 1224 romani
754 1160 902 1250 pacatis
924 1161 1063 1226 servire.
1092 1158 1194 1246 Quas
1217 1155 1264 1226 ab
1288 1183 1346 1231 res

263 1265 411 1362 placere
426 1270 584 1351 senaati,
603 1270 656 1334 M.
672 1263 869 1361 Popillium
883 1264 1066 1338 consulem
1080 1269 1228 1360 Ligures
1236 1321 1247 1353 ,
1260 1293 1345 1362 pre-

268 1382 316 1446 tio
334 1375 556 1473 emptoribus
570 1376 730 1462 reddita,
753 1381 848 1472 ipsos
862 1381 1045 1448 restituam
1061 1382 1099 1448 iu
1114 1377 1342 1462 libertatem,-

269 1487 439 1584 bouaque
455 1503 496 1556 ut
507 1492 568 1572 iis,
589 1486 772 1583 quidquid
783 1488 883 1580 ejus⁴
898 1493 1106 1583 recuperati
1111 1494 1247 1584 possit,
1263 1490 1343 1560 red-

266 1597 403 1668 dantur
423 1621 561 1666 curare.
580 1599 699 1665 Arma
708 1601 834 1692 prima
853 1621 1000 1693 quaque
1022 1613 1182 1693 tempore
1192 1599 1285 1693 fieri
1303 1605 1343 1670 iu

266 1731 310 1776 ea
319 1722 426 1801 gente
436 1702 466 1773 5:
482 1704 665 1776 consulem
681 1706 728 1778 de
733 1711 926 1801 provincia
942 1706 1134 1792 decedere,
1153 1733 1267 1804 quum
1280 1710 1342 1780 de·

300 1911 775 1976 2.Statiel1ates,quiuniealigurum
821 1911 858 1960 dis
880 1911 961 1958 verbis
979 1909 1078 1959 licentia
1096 1911 1131 1957 sic
1152 1911 1249 1958 disserit
1268 1912 1338 1960 Frid.

261 2001 333 2055 gente
344 2007 392 2037 uon
400 1991 515 2038 'tulissent
528 2007 600 2038 anua
609 1990 722 2038 adversus
732 1992 776 2036 tto-
819 1991 925 2052 August.
933 1988 1053 2037 Wolfius:
1073 2012 1085 2030 a
1098 1993 1161 2038 Sunt
1172 1991 1274 2038 omnino
1289 2003 1339 2041 tra-

263 2086 363 2126 manos,
377 2081 428 2116 tum
439 2080 776 2134 quoqueoppugnatostver-
817 2069 937 2128 iectioncs
954 2068 1084 2116 verborum
1104 2069 1196 2116 Latinis
1214 2081 1238 2116 at
1257 2072 1338 2120 multo
1435 2105 1436 2130 ,

262 2149 293 2196 ba
305 2161 355 2198 tam
369 2165 466 2212 quoque
478 2150 560 2214 inepta
572 2149 687 2203 videntur
696 2149 775 2214 (forte
820 2148 896 2212 magis
908 2147 1000 2196 Graccis
1011 2147 1082 2196 valde
1093 2148 1244 2212 frequentem
1257 2150 1337 2198 immo
1435 2157 1436 2184 ³

262 2227 308 2292 leg.
323 2239 373 2274 tam
388 2227 470 2292 inique
483 2228 653 2294 oppugnatas)
663 2261 670 2285 ,
682 2239 706 2275 et
717 2245 773 2292 sqq.
819 2245 850 2274 ne
861 2238 919 2274 sunt
930 2226 1044 2290 quidem,
1056 2228 1122 2290 quod
1136 2238 1270 2286 vocantur,
1285 2230 1335 2276 nisi

262 2323 311 2352 nou
331 2309 394 2354 ultro
408 2307 536 2372 inserentes
548 2307 636 2355 bellum
649 2307 773 2370 languent.
818 2307 848 2354 iis
860 2307 903 2370 qui
913 2317 1019 2356 veteram
1035 2307 1153 2368 loquendi
1162 2323 1233 2354 usum
1245 2307 1275 2354 ad
1287 2323 1336 2356 no-

264 2387 437 2452 Oppugnatas,
448 2397 476 2435 ut
487 2388 513 2434 in
526 2385 575 2434 fine
585 2403 639 2450 cap.
651 2385 773 2434 vincenda
818 2401 904 2434 vatum
912 2385 1050 2448 linguarum
1061 2385 1156 2448 regulas
1168 2386 1302 2436 metiuntur
1311 2410 1334 2434 ιι.

261 2478 447 2530 oppugnantes:
462 2483 519 2516 nam
532 2481 676 2534 oppugnare
688 2481 773 2530 propr.
819 2463 1002 2514 En.—Deditos
1012 2463 1187 2532 infldcmpop.
1200 2481 1261 2511 rom.
1274 2466 1335 2514 vide
1435 2535 1436 2550 χ

260 2555 296 2591 est
319 2544 410 2592 bellum
430 2545 536 2602 inferre,
554 2545 594 2590 vel
615 2543 716 2591 adoriri.
738 2570 773 2581 --
817 2543 847 2589 ad
858 2544 1044 2602 xxxvms,
1059 2560 1084 2591 n.
1100 2560 1121 2590 1.

261 2625 344 2685 Quum
357 2636 407 2670 tum
421 2639 519 2687 quoque
530 2622 562 2669 ad
574 2639 623 2670 nou
637 2623 700 2668 ultro
710 2621 772 2686 inse·
854 2623 877 2670 3.
891 2621 997 2669 Pessima
1013 2623 1124 2684 eaetano
1144 2622 1255 2680 vettium
1273 2625 1333 2672 vide

260 2713 338 2750 rastas
349 2703 452 2759 bellum,
463 2717 514 2750 non
524 2701 561 2752 ad
569 2712 721 2765 oppugnatos
728 2711 774 2750 tra·
817 2700 848 2748 ad
857 2703 909 2760 111,
921 2701 970 2759 55,
983 2716 1009 2748 n.
1022 2703 1046 2748 8.
1063 2728 1098 2737 -
1117 2700 1192 2749 Iustis
1201 2703 1331 2766 quandam

258 2781 368 2830 handum
379 2782 500 2830 existimet
514 2780 654 2835 washun,
671 2781 772 2828 Emend,
817 2778 924 2826 hostibus
938 2797 967 2844 p.
992 2796 1012 2827 r.
1028 2779 1143 2843 pacatis,
1162 2780 1187 2828 h.
1203 2797 1223 2828 e.
1238 2783 1333 2844 pacatis
1435 2807 1436 2858 ᾖ

227 2867 229 2874 “
258 2878 314 2928 pag.
328 2863 393 2919 138,
410 2862 484 2909 verba
504 2861 594 2921 trajicit
608 2862 643 2907 sic
656 2873 661 2905 :
676 2859 773 2907 Statia-
817 2859 847 2906 is's
863 2858 978 2921 quivere
995 2871 1018 2906 et
1034 2859 1107 2923 plane
1120 2859 1203 2908 hostes
1218 2859 1331 2918 fuerant;

260 2943 337 2999 lates,
360 2943 405 3007 qai
417 2942 526 3008 (antea)
546 2940 590 2988 uui
607 2957 641 2988 ex
656 2941 773 3006 ligurum
817 2938 872 2996 vel,
893 2938 1038 3001 quibuscum
1062 2939 1131 3001 pium
1152 2951 1247 3004 gestum
1268 2955 1332 2992 esset

257 3033 329 3083 gente
338 3037 388 3068 nou
400 3023 509 3070 tulissent
520 3038 592 3072 asma
602 3021 717 3070 adversus
725 3022 773 3068 lia·
816 3017 925 3068 bellum:
944 3019 999 3070 vide
1017 3018 1049 3066 ad
1068 3021 1109 3080 11,
1120 3035 1170 3081 29,
1182 3037 1208 3068 n,
1222 3021 1245 3067 5.

258 3115 359 3156 manas,
381 3112 431 3146 tum
445 3118 542 3166 quoque
561 3117 610 3148 nan
630 3102 692 3148 ultro
711 3099 772 3164 iuje-
853 3107 876 3154 4.
890 3097 1017 3163 Quidquid
1035 3097 1101 3163 ejus,
1119 3115 1205 3163 propr.
1224 3116 1330 3159 corum,-

258 3189 335 3224 rcntes
355 3177 441 3225 bellum
451 3213 460 3235 ‚
475 3190 637 3242 oppugnatas.
656 3179 715 3226 Non
734 3189 770 3226 ta·
815 3177 900 3234 viiiv,
911 3179 1293 3239 25‚n.5,etXXX111,24,n.
1305 3192 1329 3238 a.

258 3271 314 3306 man
322 3268 416 3306 novato
425 3272 488 3322 opus
497 3273 548 3304 ease
557 3258 591 3308 ait
600 3259 686 3310 Butm.
697 3259 768 3310 Obsi.
850 3258 874 3308 5·
882 3263 961 3310 Arma
968 3275 1006 3322 ps.
1016 3274 1114 3321 quaque
1124 3270 1230 3322 tempore
1234 3260 1297 3322 fieri
1304 3260 1329 3308 iu

257 3335 310 3384 Liv.
322 3353 348 3401 p.
363 3352 410 3400 975
422 3337 480 3385 alibi
493 3353 581 3400 nempe
592 3336 660 3402 apud
672 3336 769 3384 Livium
813 3352 844 3382 ea
850 3348 939 3402 geute:
953 3337 980 3384 id
988 3337 1059 3396 jubet
1075 3349 1185 3394 senatus,
1200 3350 1227 3385 ut
1241 3340 1331 3387 rescin-

256 3417 368 3481 conspici
382 3416 512 3464 verborum
531 3415 684 3476 trajectiones
698 3414 769 3460 mini·
814 3414 855 3463 dat
864 3417 906 3480 id,
921 3415 989 3480 quod
1001 3417 1091 3464 iecerat
1101 3416 1204 3474 consul,
1218 3417 1261 3480 qui
1273 3433 1328 3466 nou

256 3512 295 3544 me
305 3495 379 3544 leves.
392 3497 501 3543 Plurium
512 3495 589 3546 instar
601 3493 769 3558 exemplorum
813 3505 908 3543 tantum
920 3511 985 3543 arma
998 3495 1174 3543 Statiellatibus
1186 3495 1329 3559 ademerat,

256 3574 288 3622 sit
305 3577 435 3635 xxxln,
452 3577 495 3632 18,
507 3585 607 3638 postero
623 3572 663 3619 die
684 3572 768 3618 eodem
812 3575 855 3622 aed
874 3577 962 3640 procul
982 3575 1058 3622 dubio
1077 3591 1142 3622 nova
1163 3575 1236 3622 etiam
1256 3576 1329 3624 fabri-

256 3655 342 3701 ordine
352 3655 463 3702 instructi
471 3654 551 3718 majus
563 3653 692 3716 aliquanto
703 3667 768 3715 pra·
812 3655 861 3700 cari
874 3665 995 3712 vetuerat;
1009 3655 1106 3704 Graves.
1119 3653 1159 3700 sie
1174 3669 1246 3700 arma
1249 3654 1328 3718 facta

255 3733 328 3790 iiam,
344 3751 418 3800 quam
426 3750 474 3800 pro
493 3748 593 3778 numero
611 3731 709 3777 edidere
718 3747 768 3794 pu·
811 3733 856 3781 int.
871 3749 924 3798 cap.
941 3733 987 3791 sa,
1001 3749 1073 3780 arma
1091 3747 1188 3796 quoque
1205 3732 1328 3795 imperare

251 3813 404 3876 guantium5
424 3813 469 3860 etsi
491 3813 569 3869 XXI,
590 3827 624 3873 29
646 3811 698 3858 sine
719 3809 767 3858 ulla
803 3812 866 3879 fieri
877 3811 901 3858 in
913 3828 944 3858 ea
954 3829 995 3876 g.,
1009 3829 1045 3859 sc.
1057 3811 1174 3874 quianon
1185 3811 1287 3875 indigna
1299 3831 1327 3860 ea

253 3893 396 3954 trajectione
410 3892 514 3940 dicitur:
524 3890 636 3954 pralium
648 3889 764 3947 atrocius,
812 3906 870 3953 gens
882 3901 906 3937 et
919 3891 994 3938 tutela
1004 3889 1109 3954 benigna
1121 3901 1145 3937 ct
1158 3888 1249 3938 fiducia
1259 3891 1326 3940 sacili

253 3988 383 4036 quampra
395 3987 494 4018 numera
502 3969 666 4034 pugnantiam
678 3969 764 4018 editur.
810 3970 948 4027 videretur,
958 3970 1023 4030 conj.
1036 3972 1093 4018 Em.
1108 3969 1194 4016 Malim
1207 3985 1280 4017 arma
1287 3971 1326 4036 fi-

252 4053 353 4119 Egregie
375 4051 424 4097 huc
448 4035 540 4098 iaciunt
566 4067 620 4112 quac
642 4049 763 4108 Analectt.
810 4047 1325 4106 niri,h.e.bellum;videad1‚30‚n.8.

251 4129 298 4176 litt.
309 4146 364 4194 pag.
376 4138 426 4191 294
440 4129 592 4177 deVetcmm
603 4131 630 4176 in
643 4129 764 4188 trajicien·
810 4126 879 4175 Idem
894 4127 1028 4188 conjecisse
1039 4128 1112 4176 video
1122 4129 1179 4177 Jac.
1193 4131 1274 4177 Gron.
1290 4156 1325 4166 --
